@techreport{scale6,
  title={{SCALE: A Comprehensive Modeling and Simulation Suite for Nuclear Safety Analysis and Design}},
  number={ORNL/TM-2005/39, Version 6.1, CCC-785}, 
  author={{Radiation Safety Information Computational Center, Oak Ridge National Laboratory}},
  year={{June 2011}},
  institution={Oak Ridge National Laboratory}
}
@article{Ea15Inve,
  title={Inventory Uncertainty Quantification using {TENDL} Covariance Data in {F}ispact-{II}},
  author={Eastwood, J.W. and Morgan, J.G. and Sublet, J.-C.},
  journal={Nuclear Data Sheets},
  volume={123},
  pages={84--91},
  year={2015}
}
@misc{easy,
  title={{EASY-II European Activation System}},
  note={http://www.ccfe.ac.uk/EASY.aspx}
}
@misc{answers,
  title={{ANSWERS Software Service}},
  note={http://www.answerssoftwareservice.com}
}
@techreport{dakota6,
  title={{ DAKOTA, A Multilevel Parallel Object-Oriented Framework for Design Optimization, Parameter Estimation, Uncertainty Quantification, and Sensitivity Analysis: Version 6.0 User's Manual}},
  author={Adams, B.M. and Ebeida, M.S. and Eldred, M.S. and Jakeman, J.D.
and Swiler, L.P. and Stephens, J.A. and Vigil, D.M. and Wildey, T.M. and Bohnhoff, W.J.
and Dalbey, K.R. and Eddy, J.P. and and Hu, K.T. and Bauman, L.E. and Hough, P.D.},
  year={2014},
  institution={Sandia Technical Report SAND2014-4633, Sandia National Laboratories, Albuquerque, NM}
}
@techreport{dakota,
  title={{ DAKOTA, A Multilevel Parallel Object-Oriented Framework for Design Optimization, Parameter Estimation, Uncertainty Quantification, and Sensitivity Analysis: Version 5.0 User's Manual}},
  author={Adams, B.M. and Bohnhoff, W.J. and Dalbey, K.R. and Eddy, J.P. and Eldred, M.S. and Gay, D.M. and Haskell, K. and Hough, P.D. and Swiler, L.P.},
  year={2010},
  institution={Sandia Technical Report SAND2010-2183, Sandia National Laboratories, Albuquerque, NM}
}
@techreport{ccfe-r11-11,
  author={{Sublet, J.-C. and Eastwood, J.W. and Morgan, J.G.}},
  title={{The FISPACT-II User Manual. Issue 6}},
  institution={CCFE},
  number={CCFE-R(11)11},
  month={June},
  year={2014}
}
@article{Ca11scre,
  title={From screening to quantitative sensitivity analysis. A unified approach},
  author={Campolongo, F. and Saltelli, A. and Cariboni, J.},
  journal={Computer Physics Communications},
  volume={182},
  number={4},
  pages={978--988},
  year={2011}
}
@article{Wo10Rank,
  title={{Ranked set sampling}},
  author={Wolfe, D.A.},
  journal={Wiley Interdisciplinary Reviews: Computational Statistics},
  volume={2},
  number={4},
  pages={460--466},
  year={2010}
}
@incollection{Ow95Rand,
  title={{Randomly permuted $(t, m, s)$-nets and $(t, s)$-sequences}},
  author={Owen, A.B.},
  booktitle={{Monte Carlo and quasi-Monte Carlo methods in scientific computing}},
  editor={Niederreiter, H. and Shiue, P.J.-S.},
  pages={299--317},
  year={1995},
  publisher={Springer, New York}
}
@incollection{Gi07Expl,
  booktitle={{Agent-Based Modelling and Simulation}},
  editor={Phan, D. and Amblard, F.},
  title={{Exploring Models by Simulation:
Application to Sensitivity Analysis}},
  author={Ginot, V. and Monod,H.},
  pages={63--91},
  publisher={Bardwell Press, Oxford},
  year={2004}
}
@inproceedings{Ec04Quas,
  booktitle={Proceedings of the 36th Winter Simulation Conference},
  editor={Ingalls, R.G. and Rossetti, M.D. and Smith, J.S. and Peters, B.A.},
  title={{Quasi-Monte Carlo methods in finance}},
  author={L'Ecuyer, P.},
  pages={1645--1655},
  year={2004}
}
@article{Mo94Quas,
  title={{Quasi-random sequences and their discrepancies}},
  author={Morokoff, W.J. and Caflisch, R.E.},
  journal={SIAM Journal on Scientific Computing},
  volume={15},
  pages={1251},
  year={1994}
}
@article{He03Adap,
  title={{Adaptive sparse grids}},
  author={Hegland, M.},
  journal={ANZIAM Journal},
  volume={44},
  number={{E}},
  pages={C335--C353},
  year={2003}
}
@article{Si10Vari,
  title={{Variance Bounds and Existence Results for Randomly Shifted Lattice Rules}},
  author={Sinescu, V. and L'Ecuyer, P.},
  journal={Submitted},
  volume={Journal of Computational and Applied Mathematics},
  year={2012}
}
@techreport{Ek04Eiko,
  title={{Eikos--A Simulation Toolbox for Sensitivity Analysis}},
  author={Ekstr{\"o}m, P.A.},
  institution={Uppsala University},
  year={2004}, 
  number={UPTEC ITC05015}
}
@incollection {Di10Mont,
   author = {Dimov, I. and Georgieva, R.},
   title = {{Monte Carlo Adaptive Technique for Sensitivity Analysis of a Large-Scale Air Pollution Model}},
   booktitle = {Large-Scale Scientific Computing},
   series = {Lecture Notes in Computer Science},
   editor = {Lirkov, I. and Margenov, S. and Wasniewski, J.},
   publisher = {Springer, Berlin},
   pages = {387-394},
   volume = {5910},
   year = {2010}
}
@phdthesis{ounit,
  title={{Etude de la propagation des incertitudes dans des calculs d'activation}},
  author={Ounit, R.},
  year={2007},
  school={{ENSIIE, Evry}},
  type={{Student's Report to CEA, Bruyeres-le-Chatel}}
}
@article{Xi09Fast,
  title={{Fast numerical methods for stochastic computations: a review}},
  author={Xiu, D.},
  journal={Communications in computational physics},
  volume={5},
  number={2-4},
  pages={242--272},
  year={2009}
}
@article{Bu04Spar,
  title={{Sparse grids}},
  author={Bungartz, H.J. and Griebel, M.},
  journal={Acta Numerica},
  volume={13},
  pages={147--269},
  year={2004}
}
@article{He05Addi,
  title={{Additive models in high dimensions}},
  author={Hegland, M. and Pestov, V.},
  journal={ANZIAM Journal},
  volume={46},
  number={E},
  pages={C1205--C1221},
  year={2005}
}
@article{Ge03Dime,
  title={{Dimension--adaptive tensor--product quadrature}},
  author={Gerstner, T. and Griebel, M.},
  journal={Computing},
  volume={71},
  number={1},
  pages={65--87},
  year={2003}
}
@article{Fr02Iden,
  title={{Identification and review of sensitivity analysis methods}},
  author={Frey, H.C. and Patil, S.R.},
  journal={Risk Analysis},
  volume={22},
  number={3},
  pages={553--578},
  year={2002}
}
@book{khavinson,
  title={{Best approximation by linear superpositions (approximate nomography)}},
  author={Khavinson, S.Y.},
  year={1997},
  publisher={American Mathematical Society}
}
@article{Mo95Quas,
  title={{Quasi-Monte Carlo integration}},
  author={Morokoff, W.J. and Caflisch, R.E.},
  journal={Journal of Computational Physics},
  volume={122},
  number={2},
  pages={218--230},
  year={1995}
}
@article{Ca97Valu,
  title={{Valuation of mortgage backed securities using Brownian bridges to reduce effective dimension}},
  author={Caflisch, R.E. and Morokoff, W. and Owen, A.},
  journal={J. Computational Finance},
  volume={1},
  number={1},
  pages={27-46},
  year={1997}
}
@book{hastietibshirani,
  title={{Generalized additive models}},
  author={Hastie, T. and Tibshirani, R.},
  year={1990},
  publisher={Chapman \& Hall/CRC}
}
@book{boxdraper,
  title={{Response surfaces, mixtures, and ridge analyses}},
  author={Box, G.E.P. and Draper, N.R.},
  year={2007},
  publisher={Wiley}
}
@article{Ba1910Solu,
  title={{The solution of a system of differential equations occurring in the theory of radioactive transformations}},
  author={Bateman, H.},
  journal={Proc. Cambridge Phil. Soc},
  volume={15},
  pages={423-427},
  year={1910}
}
@article{Am10Deca,
  title={{Decay chain differential equations: Solution through matrix algebra}},
  author={Amaku, M. and Pascholati, P.R. and Vanin, V.R.},
  journal={Computer Physics Communications},
  volume={181},
  number={1},
  pages={21--23},
  year={2010}
}
@article{Pr02Shor,
  title={{Short solution of the radioactive decay chain equations}},
  author={Pressyanov, D.S.},
  journal={American Journal of Physics},
  volume={70},
  pages={444},
  year={2002}
}

@article{Yu07Expl,
  title={{Explicit solutions for exit-only radioactive decay chains}},
  author={Yuan, D. and Kernan, W.},
  journal={Journal of Applied Physics},
  volume={101},
  number={9},
  pages={094907},
  year={2007}
}
@article{Se04Comm,
  title={{Comment on ``Algebraic approach to the radioactive decay equations", by L. Moral and A.F. Pacheco [Am. J. Phys. {\bf 71}(7), 684--686 (2003)]}},
  author={Semkow, T.M.},
  journal={American Journal of Physics},
  volume={72},
  pages={410},
  year={2004}
}
@techreport{Ja08Comp,
  title={{Compositional evolution with mass transfer in closed systems}},
  author={Jarauta Bragulat, E. and Egozcue, J.J.},
  institution={Universitat de Girona. Departament d'Inform{\`a}tica i Matem{\`a}tica Aplicada},
  year={2008}
}
@article{Mo03Alge,
  title={{Algebraic approach to the radioactive decay equations}},
  author={Moral, L. and Pacheco, A.F.},
  journal={American Journal of Physics},
  volume={71},
  pages={684},
  year={2003}
}
@techreport{radsrc,
  title={{RadSrc Library and Application Manual}},
  author={Hiller, L. and Gosnell, T. and Gronberg, J. and Wright, D.},
  number={UCRL-TM-229497},
  institution={Lawrence Livermore National Laboratory},
  year={2007}
}
@article{Pu10Comp,
  title={{Computing the Matrix Exponential in Burnup Calculations}},
  author={Pusa, M. and Lepp{\"a}nen, J.},
  journal={Nucl. Sci. Eng},
  volume={164},
  pages={140--150},
  year={2010}
}
@article{Ce06Gene,
title = {{General solution of Bateman equations for nuclear transmutations}},
author = {Jerzy Cetnar},
journal = {Annals of Nuclear Energy},
volume = {33},
number = {7},
pages = {640 - 645},
year = {2006}
}

@article{Th94Stif,
  title={{Stiffness in radioactive decay chains}},
  author={Thomas, G.F. and Barber, D.H.},
  journal={Annals of Nuclear Energy},
  volume={21},
  number={5},
  pages={309--320},
  year={1994}
}

@techreport{fus534,
  author={{Forrest, R.A.}},
  title={{FISPACT-2007: User manual}},
  institution={UKAEA},
  number={UKAEA FUS 534},
  year={2007}
}
@article{Fo08Tota,
  title={{Total activity increase as a function of time during radioactive decay}},
  author={Forrest, R.A.},
  journal={Fusion Engineering and Design},
  volume={83},
  number={1},
  pages={96--101},
  year={2008}
}

@article{Ro10Asse,
  title={{Assessing atmospheric predictability on Mars using numerical weather prediction and data assimilation}},
  author={Rogberg, P. and Read, P.L. and Lewis, S.R. and Montabone, L.},
  journal={Quarterly Journal of the Royal Meteorological Society},
  volume={136},
  number={651},
  pages={1614--1635},
  year={2010},
  note={{Also: Third International Workshop on The Mars Atmosphere: Modeling and Observations, 10-13 Nov 2008, Williamsburg, Virginia.}}
}
@conference{Ma09Tran,
  title={{Transient teleconnection event at the onset of a planet-encircling dust storm on Mars}},
  author={Mart{\'\i}nez-Alvarado, O. and Montabone, L. and Lewis, SR and Moroz, IM and Read, PL},
  booktitle={Annales Geophysicae},
  volume={27},
  pages={3663--3676},
  year={2009}
}
@article{Yo08Bree,
  title={{Breeding and predictability in the baroclinic rotating annulus using a perfect model}},
  author={Young, RMB and Read, PL},
  journal={Nonlinear Processes in Geophysics},
  volume={15},
  pages={469--487},
  year={2008}
}

@article{Ho10ense,
  title={{An ensemble Kalman filter data assimilation system for the martian atmosphere: Implementation and simulation experiments}},
  author={Hoffman, M.J. and Greybush, S.J. and Wilson, R.J. and Gyarmati, G. and Hoffman, R.N. and Kalnay, E. and Ide, K. and Kostelich, E.J. and Miyoshi, T. and Szunyogh, I.},
  journal={Icarus},
  volume={209},
  pages={470--481},
  year={2010}
}

@article{Io04Comp,
  title={{A comparative review of sensitivity and uncertainty analysis of large-scale systems. I: Deterministic methods}},
  author={Ionescu-Bujor, M. and Cacuci, D.G.},
  journal={Nuclear Science and Engineering},
  volume={147},
  number={3},
  pages={189--203},
  year={2004}
}
@article{Ca04Comp,
  title={{A comparative review of sensitivity and uncertainty analysis of large-scale systems. II: Statistical methods}},
  author={Cacuci, D.G. and Ionescu-Bujor, M.},
  journal={Nuclear Science and Engineering},
  volume={147},
  number={3},
  pages={204--217},
  year={2004}
}
@inproceedings{Se05CVOD,
  title={{CVODES: The Sensitivity-Enabled ODE Solver in SUNDIALS}},
  author={Serban, R. and Hindmarsh, A.C.},
  year={2005},
  organization={ASME},
  booktitle={{Proceedings of IDETC/CIE 2005,
 International Design Engineering Technical Conferences \&
Computers and Information in Engineering Conference}}
}
@article{Hi05SUND,
  title={{SUNDIALS: Suite of nonlinear and differential/algebraic equation solvers}},
  author={Hindmarsh, A.C. and Brown, P.N. and Grant, K.E. and Lee, S.L. and Serban, R. and Shumaker, D.E. and Woodward, C.S.},
  journal={ACM Transactions on Mathematical Software (TOMS)},
  volume={31},
  number={3},
  pages={363--396},
  year={2005}
}
@article{Li09Sens,
  title={{Sensitivity analysis and stochastic simulations of non-equilibrium plasma flow}},
  author={Lin, G. and Karniadakis, G.E.},
  journal={International Journal for Numerical Methods in Engineering},
  volume={80},
  number={6-7},
  pages={738--766},
  year={2009}
}

@article{Sa02Maki,
  title={{Making best use of model evaluations to compute sensitivity indices}},
  author={Saltelli, A.},
  journal={Computer Physics Communications},
  volume={145},
  number={2},
  pages={280--297},
  year={2002}
}

@article{Di10Stud,
  title={{Studying the sensitivity of the pollutants concentrations caused by variations of chemical rates}},
  author={Dimov, I. and Georgieva, R. and Ivanovska, S. and Ostromsky, T. and Zlatev, Z.},
  journal={Journal of Computational and Applied Mathematics},
  volume={235},
  number={},
  pages={391--402},
  year={2010}
}
@article{So01Glob,
  title={{Global sensitivity indices for nonlinear mathematical models and their Monte Carlo estimates}},
  author={Sobol, I.M.},
  journal={Mathematics and Computers in Simulation},
  volume={55},
  number={1-3},
  pages={271--280},
  year={2001}
}
@article{Sa03Dire,
  title={{Direct and adjoint sensitivity analysis of chemical kinetic systems with KPP: Part I--theory and software tools}},
  author={Sandu, A. and Daescu, D.N. and Carmichael, G.R.},
  journal={Atmospheric Environment},
  volume={37},
  number={36},
  pages={5083--5096},
  year={2003}
}
@article{Sa06Tech,
  title={{Technical note: Simulating chemical systems in Fortran90 and Matlab with the Kinetic PreProcessor KPP-2.1}},
  author={Sandu, A. and Sander, R.},
  journal={Atmos. Chem. Phys},
  volume={6},
  pages={187--195},
  year={2006}
}
@article{Da03Dire,
  title={{Direct and adjoint sensitivity analysis of chemical kinetic systems with KPP: II--numerical validation and applications}},
  author={Daescu, D.N. and Sandu, A. and Carmichael, G.R.},
  journal={Atmospheric Environment},
  volume={37},
  number={36},
  pages={5097--5114},
  year={2003}
}
@article{Hi10Comp,
  title={{Computing matrix functions}},
  author={Higham, N.J. and Al-Mohy, A.H.},
  journal={Acta Numerica},
  volume={19},
  number={1},
  pages={159--208},
  year={2010}
}
@article{Gi00Intr,
   author = {Giles, M. and Pierce, N.},
   title = {An Introduction to the Adjoint Approach to Design},
   journal = {Flow, Turbulence and Combustion},
   pages = {393-415},
   volume = {65},
   issue = {3},
   year = {2000}
}
@book{xiu,
  title={{Numerical Methods for Stochastic Computations: A Spectral Method Approach}},
  author={Xiu, D.},
  year={2010},
  publisher={Princeton University Press}
}
@article{Mo91Fact,
  title={{Factorial sampling plans for preliminary computational experiments}},
  author={Morris, M.D.},
  journal={Technometrics},
  volume={33},
  number={2},
  pages={161--174},
  year={1991}
}
@techreport{He06Surv-rep,
  title={{Survey of Sampling-Based Methods for Uncertainty and Sensitivity Analysis}},
  author={Helton, J.C. and Johnson, J.D. and Sallaberry, C.J. and Storlie, C.B.},
  institution={SANDIA National Laboratory},
  year={2006}, 
  number={SAND2006-2901}
}
@article{Mc79Comp,
  title={{A comparison of three methods for selecting values of input variables in the analysis of output from a computer code}},
  author={McKay, M.D. and Beckman, R.J. and Conover, W.J.},
  journal={Technometrics},
  volume={42},
  number={1},
  pages={55--61},
  year={1979}
}
@article{Sa99Quan,
  title={{A quantitative model-independent method for global sensitivity analysis of model output}},
  author={Saltelli, A. and Tarantola, S. and Chan, K.P.S.},
  journal={Technometrics},
  volume={41},
  number={1},
  pages={39--56},
  year={1999}
}
@article{Cu73Stud,
  title={{Study of the sensitivity of coupled reaction systems to uncertainties in rate coefficients. I Theory}},
  author={Cukier, R.I. and Fortuin, C.M. and Shuler, K.E. and Petschek, A.G. and Schaibly, J.H.},
  journal={The Journal of Chemical Physics},
  volume={59},
  pages={3873--3878},
  year={1973}
}
@article{Sc73Stud,
  title={{Study of the sensitivity of coupled reaction systems to uncertainties in rate coefficients. II Applications}},
  author={Schaibly, J.H. and Shuler, K.E.},
  journal={The Journal of Chemical Physics},
  volume={59},
  pages={3879},
  year={1973}
}

@article{Cu75Stud,
  title={{Study of the sensitivity of coupled reaction systems to uncertainties in rate coefficients. III. Analysis of the approximations}},
  author={Cukier, R.I. and Schaibly, J.H. and Shuler, K.E.},
  journal={The Journal of Chemical Physics},
  volume={63},
  pages={1140--1149},
  year={1975}
}

