@TECHREPORT{2047357-TN-10,
  NUMBER = "{2047357-TN-10}",
  TITLE = "{Numerical study of 1+1D drift kinetic models for parallel dynamics in the plasma edge}",
  AUTHOR = {Barnes, M. and Parra, F. I. and  Hardman, M. R. and Omotani, J.},
  INSTITUTION={UKAEA Project Neptune},
  NOTE = {\url{https://github.com/ExCALIBUR-NEPTUNE/Documents/blob/main/reports/2047357/TN-10.pdf}},
  YEAR = 2021
}
@TECHREPORT{2047357-TN-06,
  NUMBER = "{2047357-TN-06}",
  TITLE = "{Numerical study of 1+1D, moment-based drift kinetic models with periodic boundary conditions}",
  AUTHOR = {Barnes, M. and Parra, F. I. and  Hardman, M. R. and Omotani, J.},
  INSTITUTION={UKAEA Project Neptune},
  NOTE = {\url{https://github.com/ExCALIBUR-NEPTUNE/Documents/blob/main/reports/2047357/TN-06.pdf}},
  YEAR = 2021
}
@TECHREPORT{2047357-TN-12,
  NUMBER = "{2047357-TN-12}",
  TITLE = "{Tests for a 2D drift kinetic model for the plasma edge}",
  AUTHOR = {Barnes, M.},
  INSTITUTION={UKAEA Project Neptune},
  NOTE = {\url{https://github.com/ExCALIBUR-NEPTUNE/Documents/blob/main/reports/2047357/TN-12.pdf}},
  YEAR = 2022
}
@TECHREPORT{2047357-TN-11,
  NUMBER = "{2047357-TN-11}",
  TITLE = "{2D drift kinetics in a helical field with a `separatrix'}",
  AUTHOR = {Parra, F.I. and Barnes, M. and Hardman, M.R.},
  INSTITUTION={UKAEA Project Neptune},
  NOTE = {\url{https://github.com/ExCALIBUR-NEPTUNE/Documents/blob/main/reports/2047357/TN-11.pdf}},
  YEAR = 2022
}

@incollection{Ta124DVA,
  author      = {O. Talagrand},
  title       = {{4D-VAR: four-dimensional variational assimilation}},
  editor      = {\'E. Blayo and M. Bocquet and E. Cosme and L. F. Cugliandolo},
  booktitle   = {Advanced Data Assimilation (Les Houches 2012 Special Issue)},
  publisher   = {Oxford University Press},
  year        = 2012,
  pages       = {3-30},
  chapter     = 1,
}
@misc{numericalcontinuationwiki,
  title={{Numerical continuation wiki}},
  HOWPUBLISHED={\url{https://en.wikipedia.org/wiki/Numerical_continuation}},
  year={2022},
  note={Accessed: April 2022}
}
@TECHREPORT{2060049-TN-02,
  NUMBER = "{2060049-TN-02}",
  TITLE = "{Techniques and software relevant to the coupling of
continuum (fluid) and particle models of plasma for NEPTUNE}",
  AUTHOR = {Al Dass, H. and Rees, T. and Sunderland, A. and Sahin, E. and Thorne, S.},
  INSTITUTION={UKAEA Project Neptune},
  NOTE = {\url{https://github.com/ExCALIBUR-NEPTUNE/Documents/blob/main/reports/2060049/TN-02.pdf}},
  YEAR = 2022
}
@TECHREPORT{2060049-TN-01,
  NUMBER = "{2060049-TN-01}",
  TITLE = "{A Review of Time Stepping Techniques and Preconditioning for Hyperbolic and Anisotropic Elliptic Problems}",
  AUTHOR = {Al Dass, H. and Rees, T. and Thorne, S.},
  INSTITUTION={UKAEA Project Neptune},
  NOTE = {\url{https://github.com/ExCALIBUR-NEPTUNE/Documents/blob/main/reports/2060049/TN-01.pdf}},
  YEAR = 2022
}
@TECHREPORT{2047356-TN-13,
  NUMBER = "{2047356-TN-13}",
  TITLE = "{Spatially 2-D plasma model incorporating velocity space effects}",
  AUTHOR = {Moxey, D. and Dudson, B. and Hill, P. and Higgins, E. and Dickinson, D. and Wright, S. and  Moxey, D.},
  INSTITUTION={UKAEA Project Neptune},
  NOTE = {\url{https://github.com/ExCALIBUR-NEPTUNE/Documents/blob/main/reports/2047356/TN-13.pdf}},
  YEAR = 2022
}
@article{Bu22Impl,
author = {H. Bufferand and J. Balbin and S. Baschetti and J. Bucalossi and G. Ciraolo and Ph Ghendrih and R. Mao and N. Rivals and P. Tamain and H. Yang and G. Giorgiani and F. Schwander and M. Scotto d'Abusco and E. Serre and J. Denis and Y. Marandet and M. Raghunathan and P. Innocente and D. Galassi},
title = {{Implementation of multi-component Zhdanov closure in SOLEDGE3X}},
journal = {Plasma Physics and Controlled Fusion},
volume = {64},
number = {5},
pages = {055001},
year = 2022
}
@TECHREPORT{y3re62,
  TITLE = "{Finite Element Models Complementary Actions 2}",
  NUMBER = "{CD/EXCALIBUR-FMS/0064-M6.2}",
  NOTE = {\url{https://github.com/ExCALIBUR-NEPTUNE/Documents/blob/main/reports/ukaea_reports/CD-EXCALIBUR-FMS0064-M6.2.pdf}},
  AUTHOR = {Threlfall, E.},
  DATE={18/3/22},
  INSTITUTION={UKAEA},
  YEAR = 2022
}
@TECHREPORT{y3re43,
  TITLE = "{High-dimensional Models Complementary Actions 2}",
  NUMBER = "{CD/EXCALIBUR-FMS/0062-M4.3}",
  NOTE = {\url{https://github.com/ExCALIBUR-NEPTUNE/Documents/blob/main/reports/ukaea_reports/CD-EXCALIBUR-FMS0062-M4.3.pdf}},
  AUTHOR = {Saunders, W. and Cook, J. and Arter, W.},
  DATE={18/3/22},
  INSTITUTION={UKAEA},
  YEAR = 2022
}
@TECHREPORT{y3re73,
  TITLE = "{Software Support Complementary Actions 2}",
  NUMBER = "{CD/EXCALIBUR-FMS/0065-M7.3}",
  NOTE = {\url{https://github.com/ExCALIBUR-NEPTUNE/Documents/blob/main/reports/ukaea_reports/CD-EXCALIBUR-FMS0065-M7.3.pdf}},
  AUTHOR = {Parker, J.T. and Arter, W.},
  DATE={18/3/22},
  INSTITUTION={UKAEA},
  YEAR = 2022
}
@misc{splinewiki,
  title={{Spline interpolation}},
  HOWPUBLISHED={\url{https://en.wikipedia.org/wiki/Spline_interpolation}},
  year={2022},
  note={Accessed: March 2022}
}
@misc{smoothswiki,
  title={{Smoothing spline}},
  HOWPUBLISHED={\url{https://en.wikipedia.org/wiki/Smoothing_spline}},
  year={2022},
  note={Accessed: March 2022}
}
@misc{marswiki,
  title={{Multivariate adaptive regression spline}},
  HOWPUBLISHED={\url{https://en.wikipedia.org/wiki/Multivariate_adaptive_regression_spline}},
  year={2022},
  note={Accessed: March 2022}
}
@misc{pyearth,
  title={{Multivariate adaptive regression spline (MARS) software}},
  HOWPUBLISHED={\url{http://contrib.scikit-learn.org/py-earth/content.html#api}},
  year={2022},
  note={Accessed: March 2022}
}
@TECHREPORT{y3re41,
  TITLE = "{Support High-dimensional Procurement}",
  NUMBER = "{CD/EXCALIBUR-FMS/0066-M4.1}",
  NOTE = {\url{https://github.com/ExCALIBUR-NEPTUNE/Documents/blob/main/reports/ukaea_reports/CD-EXCALIBUR-FMS0066-M4.1.pdf}},
  AUTHOR = {Threlfall, E. and Saunders, W.},
  DATE={18/3/22},
  INSTITUTION={UKAEA},
  YEAR = 2022
}
@TECHREPORT{y3close,
  TITLE = "{Analysis to Date: Close out Y3}",
  NUMBER = "{CD/EXCALIBUR-FMS/0060-M1.10}",
  NOTE = {\url{https://github.com/ExCALIBUR-NEPTUNE/Documents/blob/main/reports/ukaea_reports/CD-EXCALIBUR-FMS0060-M1.10.pdf}},
  AUTHOR = {Arter, W.},
  DATE={18/3/22},
  INSTITUTION={UKAEA},
  YEAR = 2022
}
@TECHREPORT{y3re52,
  TITLE = "{Selection of techniques for Uncertainty Quantification}",
  NUMBER = "{CD/EXCALIBUR-FMS/0063-M5.2}",
  NOTE = {\url{https://github.com/ExCALIBUR-NEPTUNE/Documents/blob/main/reports/ukaea_reports/CD-EXCALIBUR-FMS0063-M5.2.pdf}},
  AUTHOR = {Arter, W. and Parker, J.},
  DATE={18/3/22},
  INSTITUTION={UKAEA},
  YEAR = 2022
}
@misc{mosharept,
  title={{SPF ExCALIBUR Joint Programme Site}},
  HOWPUBLISHED={\url{https://metoffice.sharepoint.com/sites/SPFExCALIBURJointProgrammeExt}},
  year={2022},
  note={Accessed: March 2022}
}
@TECHREPORT{y3re262,
  TITLE = "{Fluid Referent Models}",
  NUMBER = "{CD/EXCALIBUR-FMS/0055-M2.6.2}",
  NOTE = {\url{https://github.com/ExCALIBUR-NEPTUNE/Documents/blob/main/reports/ukaea_reports/CD-EXCALIBUR-FMS0055-M2.6.2.pdf}},
  AUTHOR = {Threlfall, E. and Arter, W.},
  DATE={23/11/21},
  INSTITUTION={UKAEA},
  YEAR = 2021
}
@misc{docfetcherwebsite,
  title={{DocFetcher is an Open Source desktop search application}},
  HOWPUBLISHED={\url{http://docfetcher.sourceforge.net/en/index.html}},
  year={2022},
  note={Accessed: January 2022}
}
@misc{recollwebsite,
  title={{Recoll finds documents based on their contents as well as their file names}},
  HOWPUBLISHED={\url{https://www.lesbonscomptes.com/recoll}},
  year={2022},
  note={Accessed: January 2022}
}
@misc{xpntexwebsite,
  title={{ExCALIBUR-NEPTUNE UKAEA Documents in \LaTeX \ format}},
  HOWPUBLISHED={\url{https://github.com/ExCALIBUR-NEPTUNE/Documents/tree/main/tex}},
  year={2022},
  note={Accessed: January 2022}
}
@misc{llvmwebsite,
  title={{The LLVM Compiler Infrastructure}},
  HOWPUBLISHED={\url{https://llvm.org}},
  year={2022},
  note={Accessed: January 2022}
}
@misc{clang-tidywebsite,
  title={{clang-tidy provides an extensible framework for diagnosing and fixing typical programming errors, like style violations, interface misuse, or bugs that can be deduced via static analysis}},
  HOWPUBLISHED={\url{https://clang.llvm.org/extra/clang-tidy/}},
  year={2022},
  note={Accessed: January 2022}
}
@misc{blackwebsite,
  title={{Black is the uncompromising code formatter for Python}},
  HOWPUBLISHED={\url{https://black.readthedocs.io}},
  year={2022},
  note={Accessed: January 2022}
}
@misc{SKLearn,
  title={{scikit-learn: Machine Learning in Python}},
  HOWPUBLISHED={\url{https://scikit-learn.org/stable/index.html}},
  year={2022},
  note={Accessed: March 2022}
}
@article{Friedman91,
  title={Multivariate adaptive regression splines},
  author={Friedman, J.H.},
  journal={The Annals of Statistics},
  pages={1--67},
  year={1991},
  publisher={JSTOR}
}
@misc{RACEwebsite,
  title={{RACE website}},
  HOWPUBLISHED={\url{https://race.ukaea.uk/about-race/}},
  year={2022},
  note={Accessed: March 2022}
}
@TECHREPORT{pappeqs3,
  AUTHOR = {Arter, W.},
  TITLE = "{Equations for EXCALIBUR/NEPTUNE Proxyapps}",
  NUMBER = "{CD/EXCALIBUR-FMS/0021-1.20-M1.2.1}",
  NOTE = {\url{https://github.com/ExCALIBUR-NEPTUNE/Documents/blob/main/reports/ukaea_reports/CD-EXCALIBUR-FMS0021-1.01-M1.2.1.pdf}},
  DATE={23/12/21},
  INSTITUTION={UKAEA},
  YEAR = 2021
}
@misc{SPF,
  title={{Strategic Priorities Fund}},
  HOWPUBLISHED={\url{https://www.ukri.org/our-work/our-main-funds/strategic-priorities-fund/}},
  year={2022},
  note={Accessed: January 2022}
}
@misc{piclaswebsite,
  title={{PICLas is a three-dimensional simulation framework for Particle-in-Cell, Direct Simulation Monte Carlo and other particle methods that can be coupled for the simulation of collisional plasma flows}},
  HOWPUBLISHED={\url{https://piclas.readthedocs.io/en/latest/index.html}},
  year={2022},
  note={Accessed: January 2022}
}
@misc{MITlicense,
  title={{MIT License}},
  HOWPUBLISHED={\url{https://en.wikipedia.org/wiki/MIT_License}},
  year={2022},
  note={Accessed: January 2022}
}
@misc{omfitwebsite,
  title={{One Modeling Framework for Integrated Tasks}},
  HOWPUBLISHED={\url{https://omfit.io}},
  year={2021},
  note={Accessed: December 2021}
}
@article{Sa13Toka,
  title={Tokamak coordinate conventions: COCOS},
  author={Sauter, O. and Medvedev, S.Yu.},
  journal={Computer Physics Communications},
  volume={184},
  number={2},
  pages={293--302},
  year={2013},
}
@TECHREPORT{y2d31,
  AUTHOR = {Arter, W. and Threlfall, E. and Parker, J. and Saunders, W.},
  TITLE = "{Software Specification Web-site}",
  NUMBER = "{CD/EXCALIBUR-FMS/0054-D3.1}",
  NOTE = {\url{https://github.com/ExCALIBUR-NEPTUNE/Documents/blob/main/reports/ukaea_reports/CD-EXCALIBUR-FMS0054-D3.1.pdf}},
  DATE={31/10/21},
  INSTITUTION={UKAEA},
  YEAR = 2021
}
@TECHREPORT{y3re181,
  TITLE = "{Report of NEPTUNE Workshop 7 October 2021}",
  NUMBER = "{CD/EXCALIBUR-FMS/0055-M1.8.1}",
  NOTE = {\url{https://github.com/ExCALIBUR-NEPTUNE/Documents/blob/main/reports/ukaea_reports/CD-EXCALIBUR-FMS0055-M1.8.1.pdf}},
  AUTHOR = {Threlfall, E. and Arter, W.},
  DATE={21/10/21},
  INSTITUTION={UKAEA},
  YEAR = 2021
}
@TECHREPORT{y3re282,
  TITLE = "{Technical report on Physics model selection}",
  NUMBER = "{CD/EXCALIBUR-FMS/0058-M2.8.2}",
  NOTE = {\url{https://github.com/ExCALIBUR-NEPTUNE/Documents/blob/main/reports/ukaea_reports/CD-EXCALIBUR-FMS0058-M2.8.2.pdf}},
  AUTHOR = {Parker, J. T. and Arter, W.},
  DATE={09/12/21},
  INSTITUTION={UKAEA},
  YEAR = 2021
}
@misc{moment_kinetics_repo,
  title={{moment\_kinetics GitHub repository}},
  author={Barnes, M. A. and Omotani, J. T.},
  HOWPUBLISHED={\url{https://github.com/mabarnes/moment_kinetics}},
  year={2021},
  note={Accessed: December 2021}
}
@misc{gs2website,
  title={{A fast, flexible, physicist's toolkit for gyrokinetics}},
  HOWPUBLISHED={\url{https://gyrokinetics.gitlab.io/gs2/page/admin_manual/release_instructions/index.html}},
  year={2021},
  note={Accessed: November 2021}
}
@misc{imaswebsite,
  title={{Core infrastructure components of Integrated Modelling \& Analysis Suite}},
  HOWPUBLISHED={\url{https://git.iter.org/projects/IMAS}},
  year={2021},
  note={Accessed: November 2021, accessible only by ITER user-names}
}
@misc{semverwebsite,
  title={{Semantic Versioning 2.0.0}},
  HOWPUBLISHED={\url{https://semver.org}},
  year={2021},
  note={Accessed: November 2021}
}
@misc{zenodowebsite,
  title={{Zenodo, to ensure that everyone can join in Open Science}},
  HOWPUBLISHED={\url{https://zenodo.org}},
  year={2021},
  note={Accessed: November 2021}
}
@book{solterkleper,
  title={{Professional C++}},
  author={Solter, N.A. and Kleper, S.J.},
  year={2005},
  publisher={John Wiley \& Sons, also \url{https:/www.wrox.com}},
  note={{5th edition dated 2021 exists in Wrox series with different author M. Gregoire}}
}
@book{pittwhitely,
  title={Guide to scientific computing in C++},
  author={Pitt-Francis, J. and Whiteley, J.},
  year={2017},
  publisher={Springer}
}
@TECHREPORT{y45act,
  AUTHOR = {Arter, W.},
  TITLE = "{ExCALIBUR-Fusion Modelling System Y4-Y6}",
  NUMBER = "{CD/EXCALIBUR-FMS/0059-M1.9.1}",
  DATE={3/3/2022},
  INSTITUTION={UKAEA},
  YEAR = 2022
}
@TECHREPORT{y3grant,
  AUTHOR = {Barrabino, M.},
  TITLE = "{ExCALIBUR Fusion Modelling use case: contract award recommendation report}",
  NUMBER = "{CD/EXCALIBUR-FMS/0056-M1.7.1}",
  DATE={9/8/2021},
  INSTITUTION={UKAEA},
  YEAR = 2021
}
@TECHREPORT{y3act,
  AUTHOR = {Arter, W. and Barrabino, M.},
  TITLE = "{ExCALIBUR Fusion Model SPF Research Plan Y3}",
  NUMBER = "{CD/EXCALIBUR-FMS/0027-M1.5.1}",
  DATE={27/9/2021},
  NOTE={{undated and untitled}},
  INSTITUTION={UKAEA},
  YEAR = 2021
}
@TECHREPORT{y2grant,
  AUTHOR = {Barrabino, M.},
  TITLE = "{ExCALIBUR Fusion Modelling use case: contract award recommendation report}",
  NUMBER = "{CD/EXCALIBUR-FMS/0025-M1.3.1}",
  DATE={16/11/2020},
  INSTITUTION={UKAEA},
  YEAR = 2020
}
@TECHREPORT{y2close,
  AUTHOR = {Barrabino, M.},
  TITLE = "{ExCALIBUR NEPTUNE Project analysis to date: close out Y2}",
  NUMBER = "{CD/EXCALIBUR-FMS/0030a-M1.6.1}",
  DATE={20/3/2021},
  INSTITUTION={UKAEA},
  YEAR = 2021
}
@misc{Dr99LaTe,
  TITLE = "{The LaTeX2HTML Translator}",
  AUTHOR = {Drakos, N. and Moore, R.},
  HOWPUBLISHED = "\url{https://mirrors.up.pt/pub/CTAN/obsolete/support/latex2html/manual.pdf}",
  YEAR = 1999,
  note={Accessed: October 2021}
}
@misc{Sw96LaTe,
  TITLE = "{The LaTeX2HTML translator: An Overview}",
  AUTHOR = {Swan, H.W.},
  HOWPUBLISHED = "\url{https://www.ntg.nl/cgi-bin/22.pdf}",
  YEAR = 1996,
  note={Accessed: October 2021}
}
@TECHREPORT{Br01LaTe,
  TITLE = "{LaTeX2HTML Authors' Guide}",
  AUTHOR = {Bridle, A.},
  NUMBER = "{Online}",
  DATE={8/6/01},
  INSTITUTION={NRAO},
  HOWPUBLISHED = "\url{https://www.cv.nrao.edu/~abridle/l2h4nrao/l2h4nrao.pdf}",
  YEAR = 2001,
  note={Accessed: October 2021}
}
@misc{latex2htmlwebsite,
  title={{A utility that converts LaTeX documents to web pages in HTML}},
  HOWPUBLISHED={\url{https://www.latex2html.org}, on github as \url{https://www.github.com/latex2html/latex2html/}},
  year={2021},
  note={Accessed: October 2021}
}
@misc{nist-atomic-spectrawebsite,
    title  = "{Atomic Spectra Database. NIST Standard Reference Database 78 Version 5.8}",
    HOWPUBLISHED = "\url{https://www.nist.gov/pml/atomic-spectra-database}",
    note = "{Accessed: October 2021}",
    year    = "2021"}
@misc{SMARDDA-PFCwebsite,
    title  = "{SMARDDA-PFC, kernel of SMITER software for shadowed first wall power deposition}",
    HOWPUBLISHED = "\url{https://git.ccfe.ac.uk/smardda/smardda-pfc}",
    note = "{Accessed: August 2021. Also needs SMARDDA-LIB repository, \url{https://git.ccfe.ac.uk/smardda/smardda-lib}, to use ITER version see documentation at \url{https://static.iter.org/imas/assets/smiter/html/index.html}}",
    year    = "2021"}
@misc{SMARDDA-LIBwebsite,
    title  = "{SMARDDA-LIB repository, library for SMARDDA-PFC, kernel of ITER SMITER software}",
    HOWPUBLISHED = "\url{https://git.ccfe.ac.uk/smardda/smardda-lib}",
    note = "{Accessed: August 2021. SMITER documentation at \url{https://static.iter.org/imas/assets/smiter/html/index.html}}",
    year    = "2021"}
@misc{SMITERwebsite,
    title  = "{SMITER repository, ITER software for shadowed first wall power deposition}",
    HOWPUBLISHED = "Documentation at \url{https://static.iter.org/imas/assets/smiter/html/index.html}",
    note = "{Accessed: August 2021}",
    year    = "2021"}
@misc{githubactions,
  title={{GitHub Actions}},
  HOWPUBLISHED={\url{https://docs.github.com/en/actions}},
  year={2021},
  note={Accessed: September 2021}
}
@incollection{Ba17Test,
  title={{Testing of Scientific Software: Impacts on Research Credibility, Development Productivity, Maturation, and Sustainability}},
  author={Bartlett, R.A. and Dubey, A. and Li, X.S. and Moulton, J.D. and Willenbring, J.M. and Yang, U.M.},
  booktitle={{Software Engineering for Science}},
  editor={Carver, J.C. and Chue Hong, N.P. and Thiruvathukal, G.K.},
  publisher={Chapman and Hall/CRC},
  pages={89-118},
  year={2017}
}
@TECHREPORT{y3re61,
  TITLE = "{Finite Element Models: Complementary Activities I}",
  NUMBER = "{CD/EXCALIBUR-FMS/0051-M6.1}",
  NOTE = {\url{https://github.com/ExCALIBUR-NEPTUNE/Documents/blob/main/reports/ukaea_reports/CD-EXCALIBUR-FMS0051-M6.1.pdf}},
  AUTHOR = {Threlfall, E. and Arter, W.},
  DATE={30/9/21},
  INSTITUTION={UKAEA},
  YEAR = 2021
}
@TECHREPORT{y3re222,
  TITLE = "{Finite Element Models: Performance}",
  NUMBER = "{CD/EXCALIBUR-FMS/0047-M2.2.2}",
  NOTE = {\url{https://github.com/ExCALIBUR-NEPTUNE/Documents/blob/main/reports/ukaea_reports/CD-EXCALIBUR-FMS0047-M2.2.2.pdf}},
  AUTHOR = {Saunders, W. and Threlfall, E.},
  DATE={30/9/21},
  INSTITUTION={UKAEA},
  YEAR = 2021
}
@TECHREPORT{y3re72,
  TITLE = "{Code coupling and benchmarking}",
  NUMBER = "{CD/EXCALIBUR-FMS/0053-M7.2}",
  NOTE = {\url{https://github.com/ExCALIBUR-NEPTUNE/Documents/blob/main/reports/ukaea_reports/CD-EXCALIBUR-FMS0053-M7.2.pdf}},
  AUTHOR = {Parker, J.T. and Threlfall, E. and Arter, W. and Saunders, W.},
  DATE={28/9/21},
  INSTITUTION={UKAEA},
  YEAR = 2021
}
@TECHREPORT{y3re71,
  TITLE = "{Literature review for Call T/AW086/21: Mathematical Support for Software Implementation}",
  NUMBER = "{CD/EXCALIBUR-FMS/0052-M7.1}",
  NOTE = {\url{https://github.com/ExCALIBUR-NEPTUNE/Documents/blob/main/reports/ukaea_reports/CD-EXCALIBUR-FMS0052-M7.1.pdf}},
  AUTHOR = {Parker, J.T. and Arter, W.},
  DATE={30/9/21},
  INSTITUTION={UKAEA},
  YEAR = 2021
}
@TECHREPORT{y3re232,
  TITLE = "{Options for Particle Algorithms}",
  NUMBER = "{CD/EXCALIBUR-FMS/0048-M2.3.2}",
  NOTE = {\url{https://github.com/ExCALIBUR-NEPTUNE/Documents/blob/main/reports/ukaea_reports/CD-EXCALIBUR-FMS0048-M2.3.2.pdf}},
  AUTHOR = {Saunders, W. and Arter, W.},
  DATE={15/9/21},
  INSTITUTION={UKAEA},
  YEAR = 2021
}
@TECHREPORT{y3re212,
  TITLE = "{Surface mesh generation}",
  NUMBER = "{CD/EXCALIBUR-FMS/0046-M2.1.2}",
  NOTE = {\url{https://github.com/ExCALIBUR-NEPTUNE/Documents/blob/main/reports/ukaea_reports/CD-EXCALIBUR-FMS0046-M2.1.2.pdf}},
  AUTHOR = {Arter, W. and Threlfall, E.},
  DATE={12/9/21},
  INSTITUTION={UKAEA},
  YEAR = 2021
}
@TECHREPORT{y3re252,
  TITLE = "{Selection of techniques for Model Order Reduction}",
  NUMBER = "{CD/EXCALIBUR-FMS/0044-M2.5.2}",
  NOTE = {\url{https://github.com/ExCALIBUR-NEPTUNE/Documents/blob/main/reports/ukaea_reports/CD-EXCALIBUR-FMS0044-M2.5.2.pdf}},
  AUTHOR = {Threlfall, E. and Arter, W. and Parker, J. and Saunders, W.},
  DATE={30/9/21},
  INSTITUTION={UKAEA},
  YEAR = 2021
}
@TECHREPORT{y3re242,
  TITLE = "{Selection of techniques for Uncertainty Quantification}",
  NUMBER = "{CD/EXCALIBUR-FMS/0043-M2.4.2}",
  NOTE = {\url{https://github.com/ExCALIBUR-NEPTUNE/Documents/blob/main/reports/ukaea_reports/CD-EXCALIBUR-FMS0043-M2.4.2.pdf}},
  AUTHOR = {Threlfall, E. and Arter, W. and Parker, J. and Saunders, W.},
  DATE={30/9/21},
  INSTITUTION={UKAEA},
  YEAR = 2021
}
@TECHREPORT{y3re272,
  TITLE = "{Identification of suitable preconditioner techniques}",
  NUMBER = "{CD/EXCALIBUR-FMS/0045-M2.7.2}",
  NOTE = {\url{https://github.com/ExCALIBUR-NEPTUNE/Documents/blob/main/reports/ukaea_reports/CD-EXCALIBUR-FMS0045-M2.7.2.pdf}},
  AUTHOR = {Saunders, W. and Arter, W.},
  DATE={27/8/21},
  INSTITUTION={UKAEA},
  YEAR = 2021
}
@TECHREPORT{y3re51,
  TITLE = "{Management of external research. Supports UQ Procurement}",
  NUMBER = "{CD/EXCALIBUR-FMS/0040-M5.1}",
  NOTE = {\url{https://github.com/ExCALIBUR-NEPTUNE/Documents/blob/main/reports/ukaea_reports/CD-EXCALIBUR-FMS0040-M5.1.pdf}},
  AUTHOR = {Arter, W. and Threlfall, E.},
  DATE={27/8/21},
  INSTITUTION={UKAEA},
  YEAR = 2021
}
@TECHREPORT{y3re314,
  TITLE = "{Specification and Integration of Scientific Software}",
  NUMBER = "{CD/EXCALIBUR-FMS/0042-M3.1.4}",
  AUTHOR = {Threlfall, E. and Arter, W.},
  DATE={31/10/21},
  INSTITUTION={UKAEA},
  NOTE = {\url{https://github.com/ExCALIBUR-NEPTUNE/Documents/blob/main/reports/ukaea_reports/CD-EXCALIBUR-FMS0042-M3.1.4.pdf}},
  YEAR = 2021
}
@TECHREPORT{y3d32,
  TITLE = "{Domain-Specific Language (DSL) and Performance Portability Assessment}",
  NUMBER = "{CD/EXCALIBUR-FMS/0049-D3.2}",
  NOTE = {\url{https://github.com/ExCALIBUR-NEPTUNE/Documents/blob/main/reports/ukaea_reports/CD-EXCALIBUR-FMS0049-D3.2.pdf}},
  AUTHOR = {Parker, J. and Arter, W.},
  DATE={23/9/21},
  INSTITUTION={UKAEA},
  YEAR = 2021
}
@TECHREPORT{y3d35,
  TITLE = "{Verification and Benchmarks Methodology}",
  NUMBER = "{CD/EXCALIBUR-FMS/0050-D3.5}",
  NOTE = {\url{https://github.com/ExCALIBUR-NEPTUNE/Documents/blob/main/reports/ukaea_reports/CD-EXCALIBUR-FMS0050-D3.5.pdf}},
  AUTHOR = {Arter, W.},
  DATE={30/9/21},
  INSTITUTION={UKAEA},
  YEAR = 2021
}
@TECHREPORT{2047358-TN-03,
  NUMBER = "{2047358-TN-03}",
  TITLE = "{Evaluation of Approaches to Performance Portability}",
  AUTHOR = {Wright, S. and Dudson, B. and Hill, P. and Dickinson, D. and Mudalige, G.},
  INSTITUTION={UKAEA Project Neptune},
  NOTE = {\url{https://github.com/ExCALIBUR-NEPTUNE/Documents/blob/main/reports/2047358/TN-03.pdf}},
  YEAR = 2021
}
@misc{sd1dwebsite,
  title={{One-dimensional plasma-neutral simulation for SOL and divertor studies}},
  HOWPUBLISHED={\url{https://github.com/boutproject/SD1D}},
  year={2021},
  note={Accessed: August 2021}
}
@TECHREPORT{y3re322,
  NUMBER = "{CD/EXCALIBUR-FMS/0041-M3.2.2}",
  NOTE = {\url{https://github.com/ExCALIBUR-NEPTUNE/Documents/blob/main/reports/ukaea_reports/CD-EXCALIBUR-FMS0041-M3.2.2.pdf}},
  TITLE = "{Survey of Domain Specific Languages}",
  AUTHOR = {Threlfall, E. and Arter, W. and Parker, J. and Saunders, W.},
  DATE={30/7/21},
  INSTITUTION={UKAEA},
  YEAR = 2021
}
@TECHREPORT{y3re323,
  NUMBER = "{CD/EXCALIBUR-FMS/0049-M3.2.3}",
  NOTE = {\url{https://github.com/ExCALIBUR-NEPTUNE/Documents/blob/main/reports/ukaea_reports/CD-EXCALIBUR-FMS0049-M3.2.3.pdf}},
  TITLE = "{Domain-Specific Language (DSL) and Performance Portability Assessment
D3.2}",
  AUTHOR = {Parker, J. T. and Arter, W. and Saunders, W. and Cook, J.},
  DATE={27/9/21},
  INSTITUTION={UKAEA},
  YEAR = 2021
}
@book{reindersetal,
  title={{Data Parallel C++: Mastering DPC++ for Programming of Heterogeneous Systems using C++ and SYCL}},
  author={Reinders, J. and Ashbaugh, B. and Brodman, J. and Kinsner, M. and Pennycook, J. and Tian, X.},
  publisher={Springer Nature},
  year={2021}
}
@misc{oneapiwebsite,
  title={{Optimize Application Performance for the Latest Intel Hardware}},
  HOWPUBLISHED={\url{https://software.intel.com/content/www/us/en/develop/tools/oneapi.html}},
  year={2021},
  note={Accessed: July 2021}
}
@misc{ijuliawebsite,
  title={{IJulia is a Julia-language backend combined with Jupyter}},
  HOWPUBLISHED={\url{https://github.com/JuliaLang/IJulia.jl}},
  year={2021},
  note={Accessed: July 2021}
}
@misc{pypy_website,
  title={{PyPy website}},
  HOWPUBLISHED={\url{https://www.pypy.org/}},
  year={2021},
  note={Accessed: September 2021}
}
@misc{numba_website,
  title={{Numba website}},
  HOWPUBLISHED={\url{https://numba.pydata.org/}},
  year={2021},
  note={Accessed: September 2021}
}
@misc{IMAS_training_website,
  title={{ITER Integrated Modelling \& Analysis Suite (IMAS) Training Materials, Poznan Supercomputing and Networking Center}},
  HOWPUBLISHED={\url{https://docs.psnc.pl/display/WFMS/IMAS+training}},
  year={2021},
  note={Accessed: September 2021}
}
@misc{ReFrame_repo,
  title={{ReFrame repository}},
  HOWPUBLISHED={\url{https://github.com/eth-cscs/reframe}},
  year={2021},
  note={Accessed: September 2021}
}
@misc{ReFrame_readthedocs,
  title={{ReFrame documentation}},
  HOWPUBLISHED={\url{https://reframe-hpc.readthedocs.io}},
  year={2021},
  note={Accessed: September 2021}
}
@misc{airspeed_repo,
  title={{Airspeed velocity repository}},
  HOWPUBLISHED={\url{https://github.com/airspeed-velocity/asv/}},
  year={2021},
  note={Accessed: September 2021}
}
@misc{airspeed_readthedocs,
  title={{Airspeed velocity documentation}},
  HOWPUBLISHED={\url{https://asv.readthedocs.io/en/stable/}},
  year={2021},
  note={Accessed: September 2021}
}
@misc{airspeed_numpy_example,
  title={{Airspeed velocity benchmarking suite for numpy}},
  HOWPUBLISHED={\url{https://pv.github.io/numpy-bench/}},
  year={2021},
  note={Accessed: September 2021}
}
@article{Du16Veri,
  title={{Verification of BOUT++ by the method of manufactured solutions}},
  author={Dudson, B.D. and Madsen, J. and Omotani, J. and Hill, P. and Easy, L. and L{\o}iten, M.},
  journal={Physics of Plasmas},
  volume={23},
  number={6},
  pages={062303},
  year={2016}
}
@misc{dedaluswebsite,
  title={{A flexible framework for spectrally solving differential equations}},
  HOWPUBLISHED={\url{https://dedalus-project.org}},
  year={2021},
  note={Accessed: July 2021}
}
@TECHREPORT{y3re321,
  NUMBER = "{CD/EXCALIBUR-FMS/0039-M3.2.1}",
  NOTE = {\url{https://github.com/ExCALIBUR-NEPTUNE/Documents/blob/main/reports/ukaea_reports/CD-EXCALIBUR-FMS0039-M3.2.1.pdf}},
  TITLE = "{Survey of code generators and their suitability for \nep}",
  AUTHOR = {Threlfall, E. and Arter, W.},
  DATE={28/6/21},
  INSTITUTION={UKAEA},
  YEAR = 2021
}
@inproceedings{De20Eval,
  title={{Evaluating the performance of HPC-style SYCL applications}},
  author={Deakin, T. and McIntosh-Smith, S.},
  booktitle={Proceedings of the International Workshop on OpenCL},
  pages={1--11},
  year={2020}
}
@incollection{Jo17Eval,
  title={{Evaluating hierarchical domain-specific languages for computational science: Applying the Sprat approach to a marine ecosystem model}},
  author={Johanson, A.N. and Hasselbring, W. and Oschlies, A. and Worm, B.},
  booktitle={{Software Engineering for Science}},
  editor={Carver, J.C. and Chue Hong, N.P. and Thiruvathukal, G.K.},
  publisher={Chapman and Hall/CRC},
  pages={175-199},
  year={2017}
}
@book{fowler,
  title={Domain-specific languages},
  author={Fowler, M.},
  year={2010},
  publisher={Pearson Education}
}
@article{Sa21Prob,
  title={{Probabilistic, high-resolution tsunami predictions in North Cascadia by exploiting sequential design for efficient emulation}},
  author={Salmanidou, D.M. and Beck, J. and Guillas, S.},
  journal={Natural Hazards and Earth System Sciences Discussions},
  pages={1--24},
  year={2021}
}
@article{Mi21Link,
  title={{Linked Gaussian Process Emulation for Systems of Computer Models using Mat\'ern Kernels and Adaptive Design}},
  author={Ming, D. and Guillas, S.},
  journal={arXiv preprint arXiv:1912.09468},
  year={2021}
}
@article{Li17Dime,
  title={{Dimension reduction for Gaussian process emulation: An application to the influence of bathymetry on tsunami heights}},
  author={Liu, X. and Guillas, S.},
  journal={SIAM/ASA Journal on Uncertainty Quantification},
  volume={5},
  number={1},
  pages={787--812},
  year={2017}
}
@TECHREPORT{Ch20priv,
  NUMBER = "{2049XXX-TN-01}",
  TITLE = "{Private communication}",
  AUTHOR = {Challenor, P.},
  INSTITUTION={UKAEA Project Neptune},
  YEAR = 2021
}
@TECHREPORT{2047352_1-TN-01,
  NUMBER = "{2047352\_1-TN-01-4}",
  TITLE = "{Review of methods and toolkits for uncertainty quantification of single and coupled-model applications}",
  AUTHOR = {Vassaux, M. and Edeling, W. and Coveney, P. V.},
  INSTITUTION={UKAEA Project Neptune},
  NOTE = {\url{https://github.com/ExCALIBUR-NEPTUNE/Documents/blob/main/reports/2047352_1/TN-01.pdf}},
  YEAR = 2021
}
@TECHREPORT{2047356-TN-01,
  NUMBER = "{2047356-TN-01-2}",
  TITLE = "{Task 0.1 Environments}",
  AUTHOR = {Dudson, B. and Hill, P. and Higgins, E. and Dickinson, D. and Wright, S. and  Moxey, D.},
  INSTITUTION={UKAEA Project Neptune},
  NOTE = {\url{https://github.com/ExCALIBUR-NEPTUNE/Documents/blob/main/reports/2047356/TN-01.pdf}},
  YEAR = 2021
}
@TECHREPORT{2047356-TN-02,
  NUMBER = "{2047356-TN-02-2}",
  TITLE = "{Task 1.1 Elliptic solver tests}",
  AUTHOR = {Dudson, B. and Hill, P. and Higgins, E. and Dickinson, D. and Wright, S. and  Moxey, D.},
  INSTITUTION={UKAEA Project Neptune},
  NOTE = {\url{https://github.com/ExCALIBUR-NEPTUNE/Documents/blob/main/reports/2047356/TN-02.pdf}},
  YEAR = 2021
}
@TECHREPORT{2047356-TN-03,
  NUMBER = "{2047356-TN-03-2}",
  TITLE = "{Task 1.2 Elliptic solver implementation}",
  AUTHOR = {Dudson, B. and Hill, P. and Higgins, E. and Dickinson, D. and  Wright, S. and Moxey, D.},
  INSTITUTION={UKAEA Project Neptune},
  NOTE = {\url{https://github.com/ExCALIBUR-NEPTUNE/Documents/blob/main/reports/2047356/TN-03.pdf}},
  YEAR = 2021
}
@TECHREPORT{2047356-TN-04,
  NUMBER = "{2047356-TN-04-2}",
  TITLE = "{Task 2.1 1D fluid model tests}",
  AUTHOR = {Dudson, B. and Hill, P. and Higgins, E. and Dickinson, D. and  Wright, S. and Moxey, D.},
  INSTITUTION={UKAEA Project Neptune},
  NOTE = {\url{https://github.com/ExCALIBUR-NEPTUNE/Documents/blob/main/reports/2047356/TN-04.pdf}},
  YEAR = 2021
}
@TECHREPORT{2047357-TN-02,
  NUMBER = "{2047357-TN-02-02}",
  TITLE = "{Numerical study of 1D drift kinetic models with periodic boundary conditions}",
  AUTHOR = {Barnes, M. and Parra, F. I. and  Hardman, M. R.},
  INSTITUTION={UKAEA Project Neptune},
  NOTE = {\url{https://github.com/ExCALIBUR-NEPTUNE/Documents/blob/main/reports/2047357/TN-02.pdf}},
  YEAR = 2021
}
@TECHREPORT{2047357-TN-03,
  NUMBER = "{2047357-TN-03-02}",
  TITLE = "{Physics in the edge of fusion devices}",
  AUTHOR = {Parra, F. I. and Barnes, M. and Hardman, M.R.},
  INSTITUTION={UKAEA Project Neptune},
  NOTE = {\url{https://github.com/ExCALIBUR-NEPTUNE/Documents/blob/main/reports/2047357/TN-03.pdf}},
  YEAR = 2021
}
@TECHREPORT{2047357-TN-04,
  NUMBER = "{2047357-TN-04}",
  TITLE = "{Numerical study of 1+1D, moment-based drift kinetic models with periodic boundary conditions}",
  AUTHOR = {Barnes, M. and Parra, F. I. and  Hardman, M. R. and Omotani, J.},
  INSTITUTION={UKAEA Project Neptune},
  NOTE = {\url{https://github.com/ExCALIBUR-NEPTUNE/Documents/blob/main/reports/2047357/TN-04.pdf}},
  YEAR = 2021
}
@TECHREPORT{2047357-TN-05,
  NUMBER = "{2047357-TN-05-01}",
  TITLE = "{1D drift kinetic models with wall boundary conditions}",
  AUTHOR = {Parra, F. I. and Barnes, M. and  Hardman, M.},
  INSTITUTION={UKAEA Project Neptune},
  NOTE = {\url{https://github.com/ExCALIBUR-NEPTUNE/Documents/blob/main/reports/2047357/TN-05.pdf}},
  YEAR = 2021
}
@TECHREPORT{2047357-TN-07,
  NUMBER = "{2047357-TN-07-01}",
  TITLE = "{2D drift kinetic models with wall boundary conditions}",
  AUTHOR = {Parra, F. I. and Barnes, M. and  Hardman, M.},
  INSTITUTION={UKAEA Project Neptune},
  NOTE = {\url{https://github.com/ExCALIBUR-NEPTUNE/Documents/blob/main/reports/2047357/TN-07.pdf}},
  YEAR = 2021
}
@TECHREPORT{2047357-TN-08,
  NUMBER = "{2047357-TN-08}",
  TITLE = "{Numerical study of 1+1D drift kinetic model with wall boundary conditions}",
  AUTHOR = {Barnes, M. and Parra, F. I. and  Hardman, M. R. and Omotani, J.},
  INSTITUTION={UKAEA Project Neptune},
  NOTE = {\url{https://github.com/ExCALIBUR-NEPTUNE/Documents/blob/main/reports/2047357/TN-08.pdf}},
  YEAR = 2021
}
@TECHREPORT{2047357-TN-09,
  NUMBER = "{2047357-TN-09-01}",
  TITLE = "{2D drift kinetic models with periodic boundary conditions}",
  AUTHOR = {Parra, F. I. and Barnes, M. and  Hardman, M.},
  INSTITUTION={UKAEA Project Neptune},
  NOTE = {\url{https://github.com/ExCALIBUR-NEPTUNE/Documents/blob/main/reports/2047357/TN-09.pdf}},
  YEAR = 2021
}
@TECHREPORT{2047358-TN-01,
  NUMBER = "{2047358-TN-01-02}",
  TITLE = "{Approaches to Performance Portable Applications for Fusion}",
  AUTHOR = {Wright, S. and Dudson, B. and Hill, P. and Dickinson, D. and Mudalige, G.},
  INSTITUTION={UKAEA Project Neptune},
  NOTE = {\url{https://github.com/ExCALIBUR-NEPTUNE/Documents/blob/main/reports/2047358/TN-01.pdf}},
  YEAR = 2021
}
@TECHREPORT{2047358-TN-02,
  NUMBER = "{2047358-TN-02}",
  TITLE = "{Identification of Testbed Platforms and Applications}",
  AUTHOR = {Wright, S. and Dudson, B. and Hill, P. and Dickinson, D. and Mudalige, G.},
  INSTITUTION={UKAEA Project Neptune},
  NOTE = {\url{https://github.com/ExCALIBUR-NEPTUNE/Documents/blob/main/reports/2047358/TN-02.pdf}},
  YEAR = 2021
}
@TECHREPORT{2047358-TN-04,
  NUMBER = "{2047358-TN-04}",
  TITLE = "{Approaches to Scientific Software Development at Exascale}",
  AUTHOR = {Wright, S. and Dudson, B. and Hill, P. and Dickinson, D. and Mudalige, G.},
  INSTITUTION={UKAEA Project Neptune},
  NOTE = {\url{https://github.com/ExCALIBUR-NEPTUNE/Documents/blob/main/reports/2047358/TN-04.pdf}},
  YEAR = 2021
}
@TECHREPORT{2048465-TN-01,
  NUMBER = "{2048465-TN-01-1}",
  TITLE = "{Surface mesh generation}",
  AUTHOR = {Moxey, D. and Cantwell, C. and  Sherwin, S.},
  INSTITUTION={UKAEA Project Neptune},
  NOTE = {\url{https://github.com/ExCALIBUR-NEPTUNE/Documents/blob/main/reports/2048465/TN-01.pdf}},
  YEAR = 2021
}
@misc{hermes3website,
  title={{Hermes plasma edge simulation model: Hermes-3, a hot ion multifluid drift-reduced model.}},
  HOWPUBLISHED={\url{https://github.com/bendudson/hermes-3}},
  year={2021},
  note={Accessed: June 2021}
}
@misc{hermes-3tokwebsite,
  title={{Hermes-3 2D axisymmetric tokamak}},
  HOWPUBLISHED={\url{https://hermes3.readthedocs.io/en/latest/examples.html#d-axisymmetric-tokamak}},
  year={2021},
  note={Accessed: June 2021}
}
@misc{enttwebsite,
  title={{Entity component system (ECS) in C++}},
  HOWPUBLISHED={\url{https://github.com/skypjack/entt}},
  year={2021},
  note={Accessed: June 2021}
}
@misc{hermes-3strucwebsite,
  title={{Hermes-3 Code structure}},
  HOWPUBLISHED={\url{https://hermes3.readthedocs.io/en/latest/code_structure.html}},
  year={2021},
  note={Accessed: June 2021}
}
@misc{TITwebsite,
  title={{TIT}},
  HOWPUBLISHED={\url{https://TIT}}, year={2021},
  note={Accessed: June 2021}
}

@article{Asselin72,
  title={Frequency filter for time integrations},
  author={Asselin, R.},
  journal={Monthly Weather Review},
  volume={100},
  number={6},
  pages={487--490},
  year={1972}
}

@article{Babuska92,
  title={On locking and robustness in the finite element method},
  author={Babu{\v{s}}ka, I. and Suri, M.},
  journal={{SIAM} Journal on Numerical Analysis},
  volume={29},
  number={5},
  pages={1261--1293},
  year={1992},
  publisher={SIAM}
}

@article{Bo18IMpl,
  title={Implicit-explicit integral deferred correction methods for stiff problems},
  author={Boscarino, S. and Qiu, J.-M. and Russo, G.},
  journal={SIAM Journal on Scientific Computing},
  volume={40},
  number={2},
  pages={A787--A816},
  year={2018}
}

@article{Bohmer84,
  title={Defect correction methods},
  author={B{\"o}hmer, K. and Stetter, H. J.},
  journal={Theory and applications},
  volume={5},
  year={1984},
  publisher={Springer}
}

@article{Chacn14,
title = {An asymptotic-preserving semi-Lagrangian algorithm for the time-dependent anisotropic heat transport equation},
journal = {Journal of Computational Physics},
volume = {272},
pages = {719-746},
year = {2014},
issn = {0021-9991},
doi = {https://doi.org/10.1016/j.jcp.2014.04.049},
url = {https://www.sciencedirect.com/science/article/pii/S0021999114003258},
author = {L. Chac{\'o}n and D. del-Castillo-Negrete and C. D. Hauck},
keywords = {Asymptotic preserving methods, Anisotropic transport, Parallel transport, Operator-splitting},
}

@article{Christlieb10,
  title={Integral deferred correction methods constructed with high order Runge--Kutta integrators},
  author={Christlieb, A. and Ong, B. and Qiu, J.-M.},
  journal={Mathematics of Computation},
  volume={79},
  number={270},
  pages={761--783},
  year={2010}
}

@article{Christlieb11,
  title={Semi-implicit integral deferred correction constructed with additive Runge--Kutta methods},
  author={Christlieb, A. and Morton, M. and Ong, B. and Qiu, J.-M.},
  journal={Communications in Mathematical Sciences},
  volume={9},
  number={3},
  pages={879--902},
  year={2011},
  publisher={International Press of Boston}
}

@unpublished{De19Vari,
  month = {September},
  title = {Variable Stepsize, Variable Order Methods for Partial Differential Equations},
  author = {DeCaria, V.},
  year = {2019},
  url = {http://d-scholarship.pitt.edu/37251/}
}

@article{De19twof,
  title={A two field iterated asymptotic-preserving method for highly anisotropic elliptic equations},
  author={Deluzet, F. and Narski, J.},
  journal={Multiscale Modeling \& Simulation},
  volume={17},
  number={1},
  pages={434--459},
  year={2019}
}

@article{Di21High,
  title={{High-order multiderivative IMEX schemes}},
  author={Dittmann, A. J.},
  journal={Applied Numerical Mathematics},
  volume={160},
  pages={205--216},
  year={2021}
}

@article{Dutt00,
  title={Spectral deferred correction methods for ordinary differential equations},
  author={Dutt, A. and Greengard, L. and Rokhlin, V.},
  journal={BIT Numerical Mathematics},
  volume={40},
  number={2},
  pages={241--266},
  year={2000},
  publisher={Springer}
}

@article{Gear71,
  title={Numerical initial value problems in ordinary differential equations},
  author={Gear, C. W.},
  journal={Prentice-Hall series in automatic computation},
  year={1971}
}

@article{Guzel18,
abstract = {This report considers linear multistep methods through time filtering. The approach has several advantages. It is modular and requires the addition of only one line of additional code. Error estimation and variable timesteps is straightforward and the individual effect of each step\ is conceptually clear. We present its development for the backward Euler method and a curvature reducing time filter leading to a 2-step, strongly A-stable, second order linear multistep method.},
author = {Guzel, A. and Layton, W.},
doi = {10.1007/s10543-018-0695-z},
issn = {0006-3835},
journal = {BIT Numerical Mathematics},
keywords = {Mathematics - Numerical Analysis},
month = {jun},
number = {2},
pages = {301--315},
title = {{Time filters increase accuracy of the fully implicit method}},
url = {http://link.springer.com/10.1007/s10543-018-0695-z},
volume = {58},
year = {2018}
}

@article{Hagstrom07,
  title={On the spectral deferred correction of splitting methods for initial value problems},
  author={Hagstrom, T. and Zhou, R.},
  journal={Communications in Applied Mathematics and Computational Science},
  volume={1},
  number={1},
  pages={169--205},
  year={2007},
  publisher={Mathematical Sciences Publishers}
}

@article{Jin12,
author = {Jin, S.},
journal = {Rivista di Matematica della Universit{\`{a}} di Parma},
keywords = {Kinetic equations,asymptotic-preserving schemes,fluid dynamic limit,hyperbolic equations with relaxation,quasi-neutral limit},
number = {January 2010},
pages = {177--216},
title = {{Asymptotic preserving (AP) schemes for multiscale kinetic and hyperbolic equations: a review}},
volume = {3},
year = {2012}
}

@article{Larsen87,
  title={Asymptotic solutions of numerical transport problems in optically thick, diffusive regimes},
  author={Larsen, E. W. and Morel, J. E. and Miller Jr., W. F.},
  journal={Journal of Computational Physics},
  volume={69},
  number={2},
  pages={283--324},
  year={1987},
  publisher={Elsevier}
}

@article{Larsen89,
  title={Asymptotic solutions of numerical transport problems in optically thick, diffusive regimes {II}},
  author={Larsen, E. W. and Morel, J. E.},
  year={1989},
  publisher={Elsevier}
}

@article{La16Many,
  title={Manycore algorithms for batch scalar and block tridiagonal solvers},
  author={Laszlo, E. and Giles, M. and Appleyard, J.},
  journal={ACM Transactions on Mathematical Software (TOMS)},
  volume={42},
  number={4},
  pages={1--36},
  year={2016}
}

@article{Lu20newc,
  title={A new class of high-order methods for multirate differential equations},
  author={Luan, V. Thai and Chinomona, R. and Reynolds, D.R.},
  journal={SIAM Journal on Scientific Computing},
  volume={42},
  number={2},
  pages={A1245--A1268},
  year={2020}
}

@article{Pa21para,
  title={Parallel tridiagonal matrix inversion with a hybrid multigrid-Thomas algorithm method},
  author={Parker, J. T. and Hill, P. A. and Dickinson, D. and Dudson, B. D.},
  journal={Journal of Computational and Applied Mathematics},
  volume={399},
  pages={113706},
  year={2022},
  publisher={Elsevier}
}

@article{Po06para,
  title={A parallel hybrid banded system solver: the {SPIKE} algorithm},
  author={Polizzi, E. and Sameh, A. H.},
  journal={Parallel computing},
  volume={32},
  number={2},
  pages={177--194},
  year={2006}
}

@inproceedings{Robert69,
  title={The integration of a spectral model of the atmosphere by the implicit method},
  author={Robert, A.},
  booktitle={Proc. WMO/IUGG Symposium on NWP, Tokyo, Japan Meteorological Agency},
  volume={7},
  pages={19--24},
  year={1969}
}

@article{Sc21asym,
  title={An asymptotic preserving semi-implicit multiderivative solver},
  author={Sch{\"u}tz, J. and Seal, D. C.},
  journal={Applied Numerical Mathematics},
  volume={160},
  pages={84--101},
  year={2021}
}

@article{Skeel82,
  title={A theoretical framework for proving accuracy results for deferred corrections},
  author={Skeel, R. D.},
  journal={SIAM Journal on Numerical Analysis},
  volume={19},
  number={1},
  pages={171--196},
  year={1982},
  publisher={SIAM}
}

@article{Tang17,
title = {An asymptotic preserving method for strongly anisotropic diffusion equations based on field line integration},
journal = {Journal of Computational Physics},
volume = {330},
pages = {735-748},
year = {2017},
issn = {0021-9991},
doi = {https://doi.org/10.1016/j.jcp.2016.10.062},
url = {https://www.sciencedirect.com/science/article/pii/S0021999116305708},
author = {M. Tang and Y. Wang},
keywords = {Anisotropic diffusion, Asymptotic preserving, Uniform convergence, Field line integration},
}

@article{Wang18,
  title={Uniformly convergent scheme for strongly anisotropic diffusion equations with closed field lines},
  author={Wang, Y. and Ying, W. and Tang, M.},
  journal={SIAM Journal on Scientific Computing},
  volume={40},
  number={5},
  pages={B1253--B1276},
  year={2018},
  publisher={SIAM}
}

@article{Zhang14,
  title={Partitioned and implicit--explicit general linear methods for ordinary differential equations},
  author={Zhang, H. and Sandu, A. and Blaise, S.},
  journal={Journal of Scientific Computing},
  volume={61},
  number={1},
  pages={119--144},
  year={2014},
  publisher={Springer}
}

@TECHREPORT{y2re221,
  NUMBER = "{CD/EXCALIBUR-FMS/0034-M2.2.1}",
  NOTE = {\url{https://github.com/ExCALIBUR-NEPTUNE/Documents/blob/main/reports/ukaea_reports/CD-EXCALIBUR-FMS0034-M2.2.1.pdf}},
  TITLE = "{Performance of spectral-hp element methods for the referent plasma models}",
  AUTHOR = {Threlfall, E. and Arter, W.},
  DATE={27/4/21},
  INSTITUTION={UKAEA},
  YEAR = 2021
}
@TECHREPORT{y2re241,
  NUMBER = "{CD/EXCALIBUR-FMS/0035-M2.4.1}",
  NOTE = {\url{https://github.com/ExCALIBUR-NEPTUNE/Documents/blob/main/reports/ukaea_reports/CD-EXCALIBUR-FMS0035-M2.4.1.pdf}},
  TITLE = "{Assessment of which UQ methods are required to make \nep\ software actionable}",
  AUTHOR = {Threlfall, E. and Arter, W.},
  DATE={27/4/21},
  INSTITUTION={UKAEA},
  YEAR = 2021
}
@TECHREPORT{y2re271,
  NUMBER = "{CD/EXCALIBUR-FMS/0036-M2.7.1}",
  NOTE = {\url{https://github.com/ExCALIBUR-NEPTUNE/Documents/blob/main/reports/ukaea_reports/CD-EXCALIBUR-FMS0036-M2.7.1.pdf}},
  TITLE = "{Identification of suitable preconditioner techniques}",
  AUTHOR = {Threlfall, E. and Arter, W.},
  DATE={27/4/21},
  INSTITUTION={UKAEA},
  YEAR = 2021
}
@TECHREPORT{y2re281,
  NUMBER = "{CD/EXCALIBUR-FMS/0037-M2.8.1}",
  NOTE = {\url{https://github.com/ExCALIBUR-NEPTUNE/Documents/blob/main/reports/ukaea_reports/CD-EXCALIBUR-FMS0037-M2.8.1.pdf}},
  TITLE = "{Selection of the physics models}",
  AUTHOR = {Threlfall, E. and Arter, W.},
  DATE={27/4/21},
  INSTITUTION={UKAEA},
  YEAR = 2021
}
@TECHREPORT{y2re261,
  NUMBER = "{CD/EXCALIBUR-FMS/0038-M2.6.1}",
  NOTE = {\url{https://github.com/ExCALIBUR-NEPTUNE/Documents/blob/main/reports/ukaea_reports/CD-EXCALIBUR-FMS0038-M2.6.1.pdf}},
  TITLE = "{Identification of a preferred overall numerical scheme}",
  AUTHOR = {Threlfall, E. and Arter, W.},
  DATE={DY/6/21},
  INSTITUTION={UKAEA},
  YEAR = 2021
}
@article{Sa89Desi,
  title={Design and analysis of computer experiments},
  author={Sacks, J. and Welch, W.J. and Mitchell, T.J. and Wynn, H.P.},
  journal={Statistical science},
  pages={409--423},
  year={1989}
}
@misc{cherab,
  title={{CHERAB: Python library for forward modelling diagnostics based on spectroscopic plasma emission}},
  HOWPUBLISHED={\url{https://cherab.github.io/documentation/welcome.html}},
  year={2021},
  note={Accessed: April 2021}
}
@misc{xpndocswebsite,
  title={{ExCALIBUR-NEPTUNE Bid Documents, Calls, Reports and Notes}},
  HOWPUBLISHED={\url{https://github.com/ExCALIBUR-NEPTUNE/Documents}},
  year={2021},
  note={Accessed: March 2021}
}
@misc{excaliburwebsite,
  title={{ExCALIBUR Exascale Computing: ALgorithms and Infrastructures Benefiting UK Research}},
  HOWPUBLISHED="\url{http://www.metoffice.gov.uk/research/approach/collaboration/spf/excalibur}",
  year={2021},
  note={Accessed: May 2021}
}
@misc{exch+eswebsite,
  title={{ExCALIBUR Hardware and Enabling Software programme}},
  HOWPUBLISHED="\url{https://excalibur.ac.uk/excalibur}",
  year={2021},
  note={Accessed: May 2021}
}
@misc{newexcaliburwebsite,
  title={{ExCALIBUR Exascale Computing: ALgorithms and Infrastructures Benefiting UK Research}},
  HOWPUBLISHED="\url{https://excalibur.ac.uk}",
  year={2021},
  note={Accessed: May 2021}
}
@misc{pointwisewebsite,
  title={{Pointwise CFD mesh generation - is now Cadence}},
  HOWPUBLISHED={\url{https:https://www.pointwise.com}},
  year={2021},
  note={Accessed: April 2021}
}
@TECHREPORT{2047353-TN-02,
  NUMBER = "{2047353-TN-02}",
  TITLE = "{Linear systems of equations and preconditioners relating to the NEPTUNE Programme: A brief overview}",
  AUTHOR = {Alexandrov, V. and Lebedev, A. and Sahin, E. and Thorne, S.},
  INSTITUTION={UKAEA Project Neptune},
  NOTE = {\url{https://github.com/ExCALIBUR-NEPTUNE/Documents/blob/main/reports/2047353/TN-02.pdf}},
  YEAR = 2021
}
@TECHREPORT{2047355-TN-01,
  NUMBER = "{2047355-TN-01-3}",
  TITLE = "{Co-design of PIC methods and other elements of NEPTUNE}",
  AUTHOR = {McMillan, B.F.},
  INSTITUTION={UKAEA Project Neptune},
  NOTE = {\url{https://github.com/ExCALIBUR-NEPTUNE/Documents/blob/main/reports/2047355/TN-01.pdf}},
  YEAR = 2021
}
@TECHREPORT{2047352_2-TN-01,
  NUMBER = "{2047352\_2-TN-01}",
  TITLE = "{Report on suitability and potential of ROM to fusion models : A Non-intrusive ROM for Solvers with High-dimensional Outputs}",
  AUTHOR = {Ming, D. and Guillas, S.},
  INSTITUTION={UKAEA Project Neptune},
  NOTE = {\url{https://github.com/ExCALIBUR-NEPTUNE/Documents/blob/main/reports/2047352_2/TN-01.pdf}},
  YEAR = 2021
}
@TECHREPORT{2047353-TN-01,
  NUMBER = "{2047353-TN-01}",
  TITLE = "{Priority Equations and Test Cases}",
  AUTHOR = {Thorne, S.},
  INSTITUTION={UKAEA Project Neptune},
  NOTE = {\url{https://github.com/ExCALIBUR-NEPTUNE/Documents/blob/main/reports/2047353/TN-01.pdf}},
  YEAR = 2021
}
@TECHREPORT{2047353-TN-03,
  NUMBER = "{2047353-TN-03}",
  TITLE = "{{Implicit-factorization preconditioners for NEPTUNE Programme}}",
  AUTHOR = {Abalenkovs, M. and Alexandrov, V. and Lebedev, A. and Sahin, E. and Thorne, S.},
  INSTITUTION={UKAEA Project Neptune},
  NOTE = {\url{https://github.com/ExCALIBUR-NEPTUNE/Documents/blob/main/reports/2047353/TN-03.pdf}},
  YEAR = 2021
}
@TECHREPORT{2047353-TN-04,
  NUMBER = "{2047353-TN-04}",
  TITLE = "{{Implicit-factorization preconditioners for non-symmetric problems}}",
  AUTHOR = {Abalenkovs, M. and Alexandrov, V. and Lebedev, A. and Sahin, E. and Thorne, S.},
  INSTITUTION={UKAEA Project Neptune},
  NOTE = {\url{https://github.com/ExCALIBUR-NEPTUNE/Documents/blob/main/reports/2047353/TN-04.pdf}},
  YEAR = 2021
}
@TECHREPORT{2047357-TN-01,
  NUMBER = "{2047357-TN-01-02}",
  TITLE = "{1D drift kinetic models with periodic boundary conditions}",
  AUTHOR = {Parra, F. I. and Barnes, M. and Hardman, M.R.},
  INSTITUTION={UKAEA Project Neptune},
  NOTE = {\url{https://github.com/ExCALIBUR-NEPTUNE/Documents/blob/main/reports/2047357/TN-01.pdf}},
  YEAR = 2021
}
@article{Ge19Depe,
  title={Dependence on ion temperature of shallow-angle magnetic presheaths with adiabatic electrons},
  author={Geraldini, A. and Parra, F.I. and Militello, F.},
  journal={Journal of Plasma Physics},
  volume={85},
  number={6},
  year={2019}
}
@TECHREPORT{y2re141,
  AUTHOR = {Threlfall, E. and Arter, W. and Parker, J. and Saunders, W.},
  TITLE = "{Winter 2020-21 Workshop}",
  NUMBER = "{CD/EXCALIBUR-FMS/0030-M1.4.1}",
  NOTE = {\url{https://github.com/ExCALIBUR-NEPTUNE/Documents/blob/main/reports/ukaea_reports/CD-EXCALIBUR-FMS0030-M1.4.1.pdf}},
  DATE={18/3/21},
  INSTITUTION={UKAEA},
  YEAR = 2021
}
@misc{omgumlwebsite,
  title={{OMG: Unified Modelling Language}},
  HOWPUBLISHED={\url{https://www.omg.org/spec/UML/}},
  year={2021},
  note={Accessed: March 2021}
}
@book{prince2,
  title={{Managing Successful Projects with PRINCE2, 6th Edition}},
  author={Axelos Staff and others},
  publisher={ALEXOS},
  year={2017}
}
@misc{prince2wiki,
  title={{PRINCE2 (PRojects IN Controlled Environments) is a structured project management method}},
  HOWPUBLISHED={\url{https://en.wikipedia.org/wiki/PRINCE2}},
  year={2022},
  note={Accessed: January 2022}
}
@TECHREPORT{y2re251,
  AUTHOR = {Threlfall, E. and Arter, W.},
  TITLE = "{Select techniques for MOR (Model Order Reduction)}",
  NUMBER = "{CD/EXCALIBUR-FMS/0031-M2.5.1}",
  NOTE = {\url{https://github.com/ExCALIBUR-NEPTUNE/Documents/blob/main/reports/ukaea_reports/CD-EXCALIBUR-FMS0031-M2.5.1.pdf}},
  DATE={15/3/21},
  INSTITUTION={UKAEA},
  YEAR = 2021
}
@TECHREPORT{y2d34,
  AUTHOR = {Arter, W. and Parker, J. and Threlfall, E.},
  TITLE = "{Development Plan}",
  NUMBER = "{CD/EXCALIBUR-FMS/0033-D3.4}",
  NOTE = {\url{https://github.com/ExCALIBUR-NEPTUNE/Documents/blob/main/reports/ukaea_reports/CD-EXCALIBUR-FMS0033-1.10-D3.4.pdf}},
  DATE={25/10/21},
  INSTITUTION={UKAEA},
  YEAR = 2021
}
@TECHREPORT{y2d33,
  AUTHOR = {Arter, W. and Parker, J. and Threlfall, E.},
  TITLE = "{Module Guide}",
  NUMBER = "{CD/EXCALIBUR-FMS/0032-D3.3}",
  NOTE = {\url{https://github.com/ExCALIBUR-NEPTUNE/Documents/blob/main/reports/ukaea_reports/CD-EXCALIBUR-FMS0032-D3.3.pdf}},
  DATE={15/3/21},
  INSTITUTION={UKAEA},
  YEAR = 2021
}
@misc{rfc2119,
  title={{Keywords for documentation}},
  HOWPUBLISHED={\url{https://www.ietf.org/rfc/rfc2119.txt}},
  year={2021},
  note={Accessed: March 2021}
}
@misc{pandocwebsite,
  title={{a universal document converter}},
  HOWPUBLISHED={\url{https://pandoc.org}},
  year={2021},
  note={Accessed: March 2021}
}
@misc{readthedocswebsite,
  title={{Create, host, and browse documentation}},
  HOWPUBLISHED={\url{https://readthedocs.org}},
  year={2021},
  note={Accessed: March 2021}
}
@misc{cerberuswebsite,
  title={{Cerberus Python data validation}},
  HOWPUBLISHED={\url{https://github.com/pyeve/cerberus}},
  year={2021},
  note={Accessed: March 2021}
}
@misc{miscwebsite,
  title={{Code generation QPROG style, example of Braginskii plasma transport coefficients}},
  HOWPUBLISHED = {\url{https://github.com/wayne-arter/smardda-misc}},
  YEAR = 2017,
  note={Accessed: December 2020}
}
@misc{reducewebsite,
  title={{reduce-algebra}},
  HOWPUBLISHED={\url{https://sourceforge.net/projects/reduce-algebra/support}},
  year={2020},
  note={Accessed: December 2020}
}
@misc{qprogwebsite,
  title={{QPROG, simple demonstration of software design by aggregation}},
  HOWPUBLISHED = {\url{https://github.com/wayne-arter/smardda-qprog}},
  YEAR = 2015,
  note={Accessed: December 2020}
}
@misc{mfemwebsite,
  title={{MFEM}},
  HOWPUBLISHED={\url{https://www.mfem.org/}},
  year={2020},
  note={Accessed: November 2020}
}
@article{Do20hrad,
  title={hr-adaptivity for nonconforming high-order meshes with the target matrix optimization paradigm},
  author={Dobrev, V. and Knupp, P. and Kolev, T. and Mittal, K. and Tomov, V.},
  journal={arXiv preprint arXiv:2010.02166},
  year={2020}
}
@article{Br16Disc,
  title={Discovering governing equations from data by sparse identification of nonlinear dynamical systems},
  author={Brunton, S.L. and Proctor, J.L. and Kutz, J.N.},
  journal={{Proceedings of the National Academy of Sciences}},
  volume={113},
  number={15},
  pages={3932--3937},
  year={2016}
}
@techreport{Na19Surr,
title={{Surrogate modeling and uncertainty quantification in models of physical systems}},
author ={Najm, H.N.},
number={{SAND2019-5873C (Presentation)}},
institution={{Sandia National Laboratories Livermore, CA, USA}},
year={2019}
}
@article{Pa18Hybr,
  title={Hybrid forecasting of chaotic processes: Using machine learning in conjunction with a knowledge-based model},
  author={Pathak, J. and Wikner, A. and Fussell, R. and Chandra, S. and Hunt, B.R. and Girvan, M. and Ott, E.},
  journal={Chaos: An Interdisciplinary Journal of Nonlinear Science},
  volume={28},
  number={4},
  pages={041101},
  year={2018}
}
@article{St97Code,
  title={{Code-code comparisons of DIVIMP's `onion-skin model'and the EDGE2D fluid code}},
  author={Stangeby, P.C. and Elder, J.D. and Fundamenski, W. and Loarte, A. and Horton, L.D. and Simonini, R. and Taroni, A. and Matthews, O.F. and Monk, R.D.},
  journal={Journal of nuclear materials},
  volume={241},
  pages={358--362},
  year={1997}
}
@misc{Tr20Priz,
title={{John von Neumann Prize Lecture}},
author ={Trefethen, L.N.},
note={{The Second Joint SIAM/CAIMS Annual Meeting (AN20)}},
HOWPUBLISHED={{Off-the-cuff remarks}},
year={{July 6--17, 2020}}
}
@misc{asimovwebsite,
  title={{Neural network zoo website}},
  HOWPUBLISHED={\url{https://www.asimovinstitute.org/neural-network-zoo/}},
  year={2020},
  note={Accessed: October 2020}
}
@misc{Su17Surr,
title={{Surrogate Models for Uncertainty Quantification: an Overview}},
author ={Sudret, B. and Marelli, S.},
note={{European Conference on Antennas and Propagation (EUCAP, 2017)}},
HOWPUBLISHED= {\url{https://www.researchgate.net/publication/317396793_Surrogate_models_for_uncertainty_quantification_An_overview}},
year={2017}
}
@misc{krigingwiki,
  title={{Kriging wiki}},
  HOWPUBLISHED={\url{https://en.wikipedia.org/wiki/Kriging}},
  year={2020},
  note={Accessed: October 2020}
}
@misc{SMwiki,
  title={{Surrogate model wiki}},
  HOWPUBLISHED={\url{https://en.wikipedia.org/wiki/Surrogate_model}},
  year={2020},
  note={Accessed: October 2020}
}
@misc{MORwiki,
  title={{Model order reduction wiki}},
  HOWPUBLISHED={\url{https://en.wikipedia.org/wiki/Model_order_reduction}},
  year={2020},
  note={Accessed: October 2020}
}
@book{gershenfeld,
  title={{The Nature of Mathematical Modeling}},
  author={Gershenfeld, N.},
  publisher={Cambridge University Press},
  year={1999}
}
@misc{Na18Unce,
title={{Uncertainty Quantification in Computational Models of Large Scale Physical Systems}},
author ={Najm, H.},
note={{Seminar, NRC Institure of Marine Engineering, Rome, Italy}},
HOWPUBLISHED= {\url{https://www.osti.gov/servlets/purl/1593073}},
year={2018}
}
@misc{dakotawebsite,
  title={{DAKOTA website}},
  HOWPUBLISHED={\url{https://dakota.sandia.gov}},
  year={2020},
  note={Accessed: October 2020}
}
@misc{svmwiki,
  title={{Support vector machine wiki}},
  HOWPUBLISHED={\url{https://en.wikipedia.org/wiki/Support_vector_machine}},
  year={2020},
  note={Accessed: October 2020}
}
@article{Ge19Prog,
  title={Progress in Scramjet Design Optimization Under Uncertainty Using Simulations of the HIFiRE Direct Connect Rig},
  author={Geraci, G. and Menhorn, F. and Huan, X. and Safta, C. and Marzouk, Y.M. and Najm, H.N. and Eldred, M.S.},
  journal={Conference paper; AIAA Scitech 2019 Forum},
  year={2019},
  note={AIAA paper 2019-0725}
}
@article{Gr49kine,
  title={On the kinetic theory of rarefied gases},
  author={Grad, H.},
  journal={Communications on Pure and Applied Mathematics},
  volume={2},
  number={4},
  pages={331--407},
  year={1949}
}
@article{Gr49Herm,
  title={Note on {N}-dimensional hermite polynomials},
  author={Grad, H.},
  journal={Communications on Pure and Applied Mathematics},
  volume={2},
  number={4},
  pages={325--330},
  year={1949}
}
@article{Pe16Opti,
  title={Optimal model management for multifidelity Monte Carlo estimation},
  author={Peherstorfer, B. and Willcox, K. and Gunzburger, M.},
  journal={SIAM Journal on Scientific Computing},
  volume={38},
  number={5},
  pages={A3163--A3194},
  year={2016}
}
@article{Wi38Homo,
 author = {Wiener, N.},
 title = {The Homogeneous Chaos},
 URL = {http://www.jstor.org/stable/2371268},
 journal = {American Journal of Mathematics},
 number = {4},
 pages = {897--936},
 volume = {60},
 year = {1938}
}
@phdthesis{xiu04,
  title={{Generalized (Wiener-Askey) Polynomial Chaos}},
  author={Xiu, D.},
  year={2004},
  school={Brown University Providence, RI}
}
@article{Hu18Glob,
  title={Global sensitivity analysis and estimation of model error, toward uncertainty quantification in scramjet computations},
  author={Huan, X. and Safta, C. and Sargsyan, K. and Geraci, G. and Eldred, M.S. and Vane, Z.P. and Lacaze, G. and Oefelein, J.C. and Najm, H.N.},
  journal={AIAA Journal},
  volume={56},
  number={3},
  pages={1170--1184},
  year={2018}
}
@article{Pa15Unce,
  title={Uncertainty management in multidisciplinary design of critical safety systems},
  author={Patelli, E. and Alvarez, D.A. and Broggi, M. and Angelis, M. de},
  journal={Journal of Aerospace Information Systems},
  volume={12},
  number={1},
  pages={140--169},
  year={2015}
}
@misc{numpyrandwebsite,
  title={{NumPy Random Generator}},
  HOWPUBLISHED={\url{https://numpy.org/doc/stable/reference/random/generator.html#numpy.random.Generator}},
  year={2020},
  note={Accessed: October 2020}
}
@incollection{Mi13Mult,
  title={{Multi-level Monte-Carlo finite volume methods for uncertainty quantification in nonlinear systems of balance laws}},
  author={Mishra, S. and Schwab, C. and {\v{S}}ukys, J.},
  booktitle={Uncertainty quantification in computational fluid dynamics},
  editor={Bijl, H. and Lucor, D. and Mishra, S. and Schwab, C.},
  pages={225--294},
  year={2013},
  publisher={Springer}
}
@book{chinestaetal,
  title={{The Proper Generalized Decomposition for Advanced Numerical Simulations: A Primer}},
  author={Chinesta, F. and Keunings, R. and Leygue, A.},
  year={2014},
  publisher={{Springer Briefs in Applied Science and Technology}}
}
@article{Gi16Mult,
  title={{Multilevel Monte-Carlo methods}},
  author={Giles, M.B.},
  journal={Acta Numerica},
  volume={24},
  pages={259-328},
  year={2016}
}
@misc{bsd3clause,
  title={{Open source licensing}},
  HOWPUBLISHED={\url{https://opensource.org/licenses/BSD-3-Clause}},
  year={2020},
  note={Accessed: August 2020}
}
@misc{os,
  title={{Government open source guidance}},
  HOWPUBLISHED={\url{https://www.gov.uk/government/publications/open-source-guidance/when-code-should-be-open-or-closed}},
  year={2020},
  note={Accessed: August 2020}
}
@misc{os2,
  title={{Government open source advice}},
  HOWPUBLISHED={\url{https://www.gov.uk/guidance/be-open-and-use-open-source}},
  year={2020},
  note={Accessed: August 2020}
}
@article{De19Phys,
  title={Physics of toroidal gap heat loading on castellated plasma-facing components},
  author={Dejarnac, R.  and Gunn, J.P.  and Vondracek, P.  and Komm, M.  and Panek, R.  and Pitts, R.A.},
  journal={Nuclear Materials and Energy},
  volume={19},
  pages={19--27},
  year={2019}
}
@article{Gu19stud,
  title={{A study of planar toroidal--poloidal beveling of monoblocks on the ITER divertor outer vertical target}},
  author={Gunn, J.P.  and Hirai, T.  and Corre, Y.  and Escourbiac, F.  and Grosjean, A.  and Pitts, R.A.},
  journal={Nuclear Fusion},
  volume={59},
  number={12},
  pages={126043},
  year={2019}
}
@misc{plasmapywebsite,
  title={{Open source Python ecosystem for plasma research and education}},
  HOWPUBLISHED={\url{https://www.plasmapy.org}},
  year={2020},
  note={Accessed: August 2020}
}
@incollection{Sm17Rati,
  author={Smith, W.S.},
  title={{A Rational Document Driven Design Process for Scientific Software}},
  booktitle={{Software Engineering for Science}},
  editor={Carver, J.C. and Chue Hong, N.P. and Thiruvathukal, G.K.},
  pages={27-52},
  year={2017},
  publisher={Chapman and Hall/CRC}
}
@TECHREPORT{y2re333,
  AUTHOR = {Threlfall, E. and Parker, J. and Arter, W.},
  TITLE = "{Design patterns evaluation report}",
  NUMBER = "{CD/EXCALIBUR-FMS/0026-M3.3.3}",
  NOTE = {\url{https://github.com/ExCALIBUR-NEPTUNE/Documents/blob/main/reports/ukaea_reports/CD-EXCALIBUR-FMS0026-M3.3.3.pdf}},
  DATE={11/12/20, RA 18/12/20},
  INSTITUTION={UKAEA},
  YEAR = 2020
}
@TECHREPORT{y2re313,
  AUTHOR = {Arter, W. and Threlfall, E. and Parker, J.},
  TITLE = "{Report on user layer design for Uncertainty Quantification}",
  NUMBER = "{CD/EXCALIBUR-FMS/0024-M3.1.3}",
  NOTE = {\url{https://github.com/ExCALIBUR-NEPTUNE/Documents/blob/main/reports/ukaea_reports/CD-EXCALIBUR-FMS0024-M3.1.3.pdf}},
  DATE={14/10/20},
  INSTITUTION={UKAEA},
  YEAR = 2020
}
@TECHREPORT{y2re332,
  AUTHOR = {Arter, W. and Threlfall, E. and Parker, J. and Pamela, S.},
  TITLE = "{Report on design patterns specifications and prototypes}",
  NUMBER = "{CD/EXCALIBUR-FMS/0023-M3.3.2}",
  NOTE = {\url{https://github.com/ExCALIBUR-NEPTUNE/Documents/blob/main/reports/ukaea_reports/CD-EXCALIBUR-FMS0023-M3.3.2.pdf}},
  DATE={12/8/20, RA 16/8/20},
  INSTITUTION={UKAEA},
  YEAR = 2020
}
@misc{isocppwebsite,
  title={{Standard C++ Foundation}},
  HOWPUBLISHED={\url{https://github.comi/isocpp}},
  year={2022},
  note={Accessed: January 2022}
}
@misc{cppguidelines,
  editor={Stroustrop, B. and Sutter, H.},
  title={{C++ Core Guidelines}},
  HOWPUBLISHED={\url{http://isocpp.github.io/CppCoreGuidelines/CppCoreGuidelines}},
  year={2022},
  note={Accessed: January 2022}
}
@TECHREPORT{y2re312,
  AUTHOR = {Arter, W. and Threlfall, E. and Parker, J. and Pamela, S.},
  TITLE = "{Report on user frameworks for tokamak multiphysics}",
  NUMBER = "{CD/EXCALIBUR-FMS/0022-M3.1.2}",
  NOTE = {\url{https://github.com/ExCALIBUR-NEPTUNE/Documents/blob/main/reports/ukaea_reports/CD-EXCALIBUR-FMS0022-M3.1.2.pdf}},
  DATE={30/6/20, RA 10/8/20},
  INSTITUTION={UKAEA},
  YEAR = 2020
}
@misc{SAMRAI,
  title = {{SAMRAI Structured Adaptive Mesh Refinement Application Infrastructure}},
  author = {Center for Applied Scientific Computing, Lawrence Livermore National Laboratory},
  HOWPUBLISHED = {\url{https://computation.llnl.gov/casc/SAMRAI/}},
  note = {August 2020}
}
@article{Br14ENZO,
  title={{ENZO: an adaptive mesh refinement code for astrophysics}},
  author={{G.L. Bryan, M.L. Norman, B.O'Shea, T. Abel, J.H. Wise, M.J. Turk, D.R. Reynolds, D.C. Collins, P. Wang, S.W. Skillman, B. Smith, R.P. Harkness, J. Bordner, J.-h.  Kim, M. Kuhlen, H. Xu, N.J. Goldbaum, C.B. Hummels, A.G. Kritsuk, E.J. Tasker, S. Skory, C.M. Simpson, O. Hahn, J.S. Oishi, G. So, F. Zhao, R. Cen and Y. Li}},
  journal={Astrophysical Journal Supplement Series},
  year={2014},
  number={2},
  volume={211},
  pages={19}
}
@misc{morfeuswebsite,
  title={{Morfeus - Multi-physics Object-oriented Reconfigurable Fluid Environment for Unified Simulations}},
  HOWPUBLISHED={\url{https://github.com/sourceryinstitute/MORFEUS-Source}},
  year={2020},
  note={Accessed: August 2020}
}
@misc{Rustwebsite,
  title={{Rust programming language}},
  HOWPUBLISHED={\url{https://www.rust-lang.org/}},
  year={2020},
  note={Accessed: August 2020}
}
@article{Lo17Code,
  title={Code Coupling At Scale: Towards The Digital Product},
  author={Longshaw, SM and Skillen, A and Moulinec, C and Emerson, DR},
  booktitle={Advances in Parallel, Distributed, Grid and Cloud Computing for Engineering},
  editor="P. Ivanyi, B.H.V. Topping, and G. Varady",
  publisher={{Saxe-Coburg Publications}},
  year={2017}
}
@article{Al17Mult,
  author = "Alowayyed, S. and Groen, D. and Coveney, P.V. and Hoekstra, A.G.",
  title = "Multiscale computing in the exascale era",
  journal = "Journal of Computational Science",
  volume = "22",
  pages = "15 - 25",
  year = "2017",
  doi = "https://doi.org/10.1016/j.jocs.2017.07.004",
  url = "http://www.sciencedirect.com/science/article/pii/S1877750316302988",
}
@book{stroustroptour,
  author={Stroustrop, B.},
  title={{ A Tour of C++. 2nd Ed.}},
  year={2018},
  publisher={Pearson}
}
@book{gardnermanduchi,
  author={Gardner, H. and Manduchi, G.},
  title={Design Patterns for e-Science},
  year={2007},
  publisher={Springer}
}
@book{darrelince,
  title={{From Data Structures to Patterns}},
  author={Ince, D.},
  publisher={Macmillan},
  year={2000}
}
@article{Ec16guid,
  title={A guide to uncertainty quantification and sensitivity analysis for cardiovascular applications.},
  author={Eck, VG and Donders, WP and Sturdy, J and Feinberg, J and Delhaas, T and Hellevik, LR and Huberts, W},
  journal={International journal for numerical methods in biomedical engineering},
  volume={32},
  number={8},
  year={2016}
}
@techreport{Du16Idea,
  title={Idea Paper: The Lifecycle of Software for Scientific Simulations},
  author={Dubey, A. and McInnes, L.C.},
  year={2016},
  institution={Argonne National Lab.(ANL), Argonne, IL (United States)}
}
@article{Re18Mode,
  author = {{L. M. Reusch and P. Franz and D. J. Den Hartog and J. A. Goetz and M. D. Nornberg and P. VanMeter}},
  title = {{Model Validation for Quantitative X-Ray Measurements}},
  journal = {Fusion Science and Technology},
  volume = {74},
  number = {1-2},
  pages = {167-176},
  year  = {2018}
}
@misc{Pu15cons,
  title={{A consistent set of atomic data for various elements in a fusion reactor (passive emissions / radiative  losses)}},
  author={P\"{u}tterich, T.},
  note={{ADAS Workshop, Catania}},
  HOWPUBLISHED={\url{http://www.adas.ac.uk/2015talks/2015_ADAS_TPuetterich.pdf}},
  year={2015}
}
@book{christopheralexander,
  title={{A Pattern Language: Towns, Buildings, Construction.}},
  author={Alexander, C. and Ishikawa, S. and Silverstein, M. and Jacobson, M. and Fiksdahl-King, I. and Angel, S.},
  publisher={Oxford University Press},
  year={1977}
}
@book{gammahelmjohnsonvlissides,
  title={{Design Patterns: Elements of Reusable Object-Oriented Software.}},
  author={Gamma, E. and Helm, R. and Johnson, R. and Vlissides, J.},
  publisher={Addison-Wesley},
  year={1995}
}
@book{schmidtstalrohnertbuschmann,
  title={{Pattern-Oriented Software Architecture Volume 2: Patterns for Concurrent and Networked Objects}},
  author={Schmidt, D.C. and Stal, M. and Rohnert, H. and Buschmann, F.},
  publisher={Wiley},
  year={2000}
}
@misc{softwarepatternwiki,
  title={{Software Design Pattern wiki}},
  HOWPUBLISHED={\url{https://en.wikipedia.org/wiki/Software_design_pattern}},
  year={2020},
  note={Accessed: July 2020}
}
@article{Fa10MMLt,
  title={MML: towards a multiscale modeling language},
  author={Falcone, J.-L. and Chopard, B. and Hoekstra, A.},
  journal={Procedia Computer Science},
  volume={1},
  number={1},
  pages={819--826},
  year={2010}
}
@misc{yedwebsite,
  title={{yEd Graph Editor}},
  HOWPUBLISHED={\url{https://www.yworks.com/products/yed}},
  year={2020},
  note={Accessed: July 2020}
}
@misc{chaospywebsite,
  title={{ChaosPy -- Uncertainty Quantification Library}},
  author={{Jonathan Feinberg}},
  HOWPUBLISHED={\url{https://chaospy.readthedocs.io/en/master/index.html}},
  year={2020},
  note={Accessed: July 2020}
}
@article{Fe15chao,
  title={Chaospy: An open source tool for designing methods of uncertainty quantification},
  author={Feinberg, J. and Langtangen, H.P.},
  journal={Journal of Computational Science},
  volume={11},
  pages={46--57},
  year={2015}
}
@article{Ab13semi,
  title={A semi-intrusive deterministic approach to uncertainty quantification in non-linear fluid flow problems},
  author={Abgrall, R. and Congedo, P.M.},
  journal={Journal of Computational Physics},
  volume={235},
  pages={828--845},
  year={2013}
}
@misc{compatswwebsite,
  title={{Software resources for ComPat website}},
  author={{ComPat Project}},
  HOWPUBLISHED={\url{https://www.compatproject.eu/software-resources/}},
  year={2020},
  note={Accessed: July 2020}
}
@misc{compatwebsite,
  title={{Computing Patterns for High Performance Multiscale Computing ComPat website}},
  author={{ComPat Project}},
  HOWPUBLISHED={\url{https://www.compatproject.eu/}},
  year={2020},
  note={Accessed: July 2020}
}
@article{Ri20Easy,
  title={EasyVVUQ: A Library for Verification, Validation and Uncertainty Quantification in High Performance Computing},
  author={Richardson, R.A. and Wright, D.W. and Edeling, W. and Jancauskas, V. and Lakhlili, J. and Coveney, P.V.},
  journal={Journal of Open Research Software},
  volume={8},
  number={1},
  year={2020}
}
@article{Wr20Buil,
  title={{Building confidence in simulation: Applications of EasyVVUQ}},
  author={Wright, D.W. and Richardson, R.A. and Edeling, W. and Lakhlili, J. and Sinclair, R.C. and Jancauskas, V. and Suleimenova, D. and Bosak, B. and Kulczewski, M. and Piontek, T. and
Kopta, P. and  Chirca, I. and  Arabnejad, H. and  Luk, O.O. and Hoenen, O. and Weglarz, J. and Crommelin, D. and Groen, D. and Coveney, P.V.},
  journal={Advanced Theory and Simulations},
  pages={1900246},
  year={2020}
}
@inproceedings{Gr19Intr,
  title={{Introducing VECMAtk -- Verification, Validation and Uncertainty Quantification for Multiscale and HPC Simulations}},
  author={Groen, D. and Richardson, R.A. and Wright, D.W. and Jancauskas, V. and Sinclair, R. and Karlshoefer, P. and Vassaux, M. and Arabnejad, H. and Piontek, T. and Kopta, P. and 
Bosak, B. and Lakhlili, J. and Hoenen, O. and Suleimenova, D. and  Edeling, W. and Crommelin, D. and
Nikishova, A. and Coveney, P.V.},
  booktitle={{Lecture Notes in Computer Science}},
  volume={11539},
  pages={479--492},
  year={2019},
  publisher={Springer}
}
@misc{vecmawebsite,
  title={{Verified Exascale Computing for Multiscale Applications VECMA website}},
  author={{VECMA Project}},
  HOWPUBLISHED={\url{http://www.vecma.eu}},
  year={2020},
  note={Accessed: July 2020}
}
@misc{vecmatkwebsite,
  title={{VECMA VVUQ Toolkit VECMAtk website}},
  author={{VECMA Project}},
  HOWPUBLISHED={\url{http://www.vecma-toolkit.eu}},
  year={2020},
  note={Accessed: July 2020}
}
@misc{adaswebsite,
  title={{Atomic Data and Analysis Structure ADAS website}},
  author={{The ADAS Project}},
  HOWPUBLISHED={\url{http://www.adas.ac.uk/}},
  year={2020},
  note={Accessed: July 2020}
}
@misc{openadaswebsite,
  title={Dissemination of Atomic Data and Analysis Structure ADAS website},
  author={{The ADAS Project}},
  HOWPUBLISHED={\url{https://open.adas.ac.uk/}},
  year={2020},
  note={Accessed: July 2020}
}
@misc{williamswebsite,
  title={{Electron Binding Energies}},
  author={{Gwyn Williams}},
  HOWPUBLISHED={\url{https://userweb.jlab.org/~gwyn/ebindene.html}},
  year={2000},
  note={Accessed: July 2020}
}
@book{kayelaby,
  title={{Tables of physical and chemical constants: and some mathematical functions, 12th Ed.}},
  author={Kaye, G.W.C. and Laby, T.H.},
  publisher={Longmans},
  year={1959}
}
@techreport{He18Impr,
  title={{Improvements of impurity line ITER and DEMO via systematic optimisation of atomic structure}},
  author={Henderson, S.S. and Bluteau, M.M. and O'Mullane, M.G. and Summers, H.P.},
  institution={{CCFE}},
  number={{UKAEA-CCFE-PR(18)31}},
  year={2018}
}
@article{He17Opti,
  title={{Optimisation and assessment of theoretical impurity line power coefficients relevant to ITER and DEMO}},
  author={Henderson, S.S. and Bluteau, M. and Foster, A. and Giunta, A. and O'Mullane, M.G. and P{\"u}tterich, T. and Summers, H.P.},
  journal={Plasma Physics and Controlled Fusion},
  volume={59},
  number={5},
  pages={055010},
  year={2017}
}
@misc{omullane,
  title={{Atomic Processes in Plasmas}},
  author={O'Mullane, M.},
  HOWPUBLISHED={{Slides from 45th Culham Plasma Physics Summer School}},
  note={{CCFE intranet, not publicly available}},
  year={2008}
}
@misc{Su06ADAS,
  title={{ADAS: Atomic data, modelling and analysis for fusion}},
  author={Summers, H. and O'Mullane, M. and Whiteford, A.},
  note={{Slides from Meudon}},
  HOWPUBLISHED={\url{https://icamdata2006.obspm.fr/documents/icam_pdf/Summers.pdf}},
  year={2006}
}
@article{Ba03Diel,
  title={{Dielectronic recombination data for dynamic finite-density plasmas-I. Goals and methodology}},
  author={Badnell, N.R. and O'Mullane, M.G. and Summers, H.P. and Altun, Z. and Bautista, M.A. and Colgan, J. and Gorczyca, T.W. and Mitnik, D.M. and Pindzola, M.S. and Zatsarinny, O.},
  journal={Astronomy \& Astrophysics},
  volume={406},
  number={3},
  pages={1151--1165},
  year={2003}
}
@book{brayloughhead,
  title={Sunspots},
  author={Bray, R.J. and Loughhead, R.E.},
  year={1964},
  publisher={Dover Publications}
}
@book{ambartsumyan,
  title={{Theoretical Astrophysics, translated by J.B.Sykes}},
  editor={Ambartsumyan, V.A.},
  year={1958},
  publisher={Pergamon Press}
}
@book{golubpasachoff,
  title={The solar corona, 2nd Edition},
  author={Golub, L. and Pasachoff, J.M.},
  year={2010},
  publisher={Cambridge University Press}
}
@misc{pencilwebsite,
  title={{Pencil Code website}},
  author={{High-order finite-difference code for compressible MHD}},
  HOWPUBLISHED={\url{https://http://pencil-code.nordita.org/}},
  year={2020},
  note={Accessed: June 2020}
}
@misc{othernemowebsite,
  title={{NEMO website}},
  author={{Not Everybody Must Observe, stellar dynamics toolbox}},
  HOWPUBLISHED={\url{https://github.com/teuben/nemo}},
  year={2020},
  note={Accessed: June 2020}
}
@misc{nemowebsite,
  title={{NEMO website}},
  author={{Nucleus for European Modelling of the Ocean Consortium}},
  HOWPUBLISHED={\url{https://www.nemo-ocean.eu/}},
  year={2020},
  note={Accessed: June 2020}
}
@misc{nemocean,
  title={{NEMO ocean engine, Version 4.0.1}},
  author={{Nucleus for European Modelling of the Ocean Consortium}},
  HOWPUBLISHED={\url{https://zenodo.org/record/3878122/files/NEMO_book.pdf?download=1}},
  year={2020},
  note={Accessed: July 2020}
}
@misc{cwipiwebsite,
  title={{CWIPI Coupling With Interpolation Parallel Interface}},
  author={{ONERA}},
  HOWPUBLISHED={\url{https://w3.onera.fr/cwipi/}},
  year={2020},
  note={Accessed: June 2020}
}
@misc{qcgwebsite,
  title={{QCG website}},
  author={{Poznan Supercomputing and Networking Center}},
  HOWPUBLISHED={\url{http://www.qoscosgrid.org/trac/qcg}},
  year={2020},
  note={Accessed: June 2020}
}
@techreport{Ca19Test,
  title={{Test de la fonctionnalit{\'e} ordre {\'e}lev{\'e} du coupleur de codes CWIPI et
Int{\'e}gration dans OpenPALM}},
  author={Casta, R. and Morel, T.},
  number={{TR-CMGC-19-95}},
  year={2019},
  institution={{CERFACS}}
}
@article{Huysmans2007,
    author  = "G.T.A. Huysmans and O. Czarny",
    title   = "{MHD stability in X-point geometry: simulation of ELMs}",
    journal = "Nuclear Fusion 47, 659",
    year    = "2007"}
@article{Czarny2008,
    author  = "O. Czarny and G.T.A. Huysmans",
    title   = "{Bezier surfaces and finite elements for MHD simulations}",
    journal = "J. Computational Phys. 227, 7423",
    year    = "2008"}
@misc{JOREK,
    title  = "JOREK website",
    HOWPUBLISHED = "\url{https://www.jorek.eu/}",
    year    = "2020"}
@misc{MUMPS,
    title  = "MUMPS website",
    HOWPUBLISHED = "\url{http://mumps.enseeiht.fr/}",
    year    = "2020"}
@misc{PASTIX,
    title  = "PASTIX website",
    HOWPUBLISHED = "\url{https://gitlab.inria.fr/solverstack/pastix}",
    year    = "2020"}
@misc{STRUMPACK,
    title  = "STRUMPACK website",
    HOWPUBLISHED = "\url{https://github.com/pghysels/STRUMPACK/}",
    year    = "2020"}
@article{Pamela2019,
    author  = "S. Pamela and G. Huijsmans and A.J. Thornton and A. Kirk and S.F. Smith and M. Hoelzl and T. Eich",
    title   = "{A wall-aligned grid generator for non-linear simulations of MHD instabilities in tokamak plasmas}",
    journal = "Comp. Phys. Comm. 243, 41-50",
    year    = "2019"}
@article{Hoelzl2012,
    author  = "M. Hoelzl and P. Merkel and G.T.A. Huysmans and E. Nardon and E. Strumberger and R. Mc Adams and I. Chapman and S. Gunter and K. Lackner",
    title   = "{Coupling the JOREK and STARWALL Codes for Non-linear Resistive-wall Simulations}",
    journal = "Journal of Physics: Conference Series 401, 012010",
    year    = "2012"}
@article{Artola2018,
    author  = "F.J. Artola and G.T.A. Huijsmans and M. Hoelzl and P. Beyer and A. Loarte and Y. Gribov",
    title   = "{Non-linear magnetohydrodynamic simulations of Edge Localised Modes triggering via vertical oscillations}",
    journal = "Nucl. Fusion 58, 096018",
    year    = "2018"}
@article{Artola2020,
    author  = "F.J. Artola and K.J. Lackner and G.T.A. Huijsmans and M. Hoelzl and E. Nardon and A. Loarte",
    title   = "{Understanding the reduction of the edge safety factor during hot VDEs and fast edge cooling events}",
    journal = "Physics of Plasmas 27, 032501",
    year    = "2020"}
@misc{bout431,
  author       = {Dudson, B.D. and Hill, P.A. and Dickinson, D. and Parker, J.T. and Allen, A. and Breyiannia, G. and Brown, J. and Easy, L. and Farley, S. and Friedman, B. and Grinaker, E. and Izacard, O. and Joseph, I. and Kim, M. and Leconte, M. and Leddy, J. and Loiten, M. and Ma, C. and Madsen, J. and Meyerson, D. and Naylor, P. and Myers, S. and Omotani, J. and Rhee, T. and Sauppe, J. and Savage, K. and Seto, H. and Schwrer, D. and Shanahan, B. and Thomas, M. and Tiwari, S. and Umansky, M. and Walkden, N. and Wang, L. and Wang, Z. and Xi, P. and Xia, T. and Xu, X. and Zhang, H. and Bokshi, A. and Muhammed, H. and Estarellas, M. and Riva, F.},
  title        = {BOUT++ v4.3.1},
  month        = "March",
  year         = 2020,
  version      = {4.3.1},
  doi          = {10.5281/zenodo.3727089},
  HOWPUBLISHED = {\url{https://doi.org/10.5281/zenodo.3727089}}
}
@misc{boutwebsite,
  title={{BOUT++} website},
  author={Dudson, B.D.},
  HOWPUBLISHED={\url{https://boutproject.github.io/}},
  year={2020},
  note={Accessed: June 2020}
}
@misc{boutreadthedocs,
  title={{BOUT++} {ReadTheDocs} page},
  author={Dudson, B.D.},
  HOWPUBLISHED={\url{https://bout-dev.readthedocs.io/}},
  year={2020},
  note={Accessed: June 2020}
}
@misc{boutrepo,
  title={{BOUT++} repository},
  author={Dudson, B.D.},
  HOWPUBLISHED={\url{https://github.com/boutproject/BOUT-dev}},
  year={2020},
  note={Accessed: June 2020}
}
@misc{bout_vecma_repo,
  title={{BOUT++} {VECMA} hackaton repository},
  author={Hill, P. A. and Parker, J. T. and Dickinson, D. and Dudson, B. D.},
  HOWPUBLISHED={\url{https://github.com/boutproject/VECMA-hackathon}},
  year={2021},
  note={Accessed: June 2021}
}
@misc{flashwebsite,
  title={FLASH website},
  author={Anshu Dubey et al},
  HOWPUBLISHED={\url{flash.uchicago.edu/site/flashcode}},
  year={2020},
  note={Accessed: June 2020}
}
@misc{nektarwebsite,
  title={Nektar++ website},
  author={D. Moxey et al},
  HOWPUBLISHED={\url{https://www.nektar.info}},
  year={2020},
  note={Accessed: June 2020}
}
@article{Du09Exte,
  title={{Extensible component-based architecture for FLASH, a massively parallel, multiphysics simulation code}},
  author={Dubey, A. and Antypas, K. and Ganapathy, M.K. and Reid, L.B. and Riley, K. and Sheeler, D. and Siegel, A. and Weide, K.},
  journal={Parallel Computing},
  volume={35},
  number={10-11},
  pages={512--522},
  year={2009}
}
@article{Mo20Nektexc,
  title={Nektar++: Enhancing the capability and application of high-fidelity spectral/hp element methods},
  author={Moxey, D. and Cantwell, C.D. and Bao, Y. and Cassinelli, A. and Castiglioni, G. and Chun, S. and Juda, E. and Kazemi, E. and Lackhove, K. and Marcon, J. and 
Mengaldo, G. and Serson, D. and Turner, M. and Xu, H. and Peiro, J. and Kirby, R.M. and Sherwin, S.J.},
  journal={Computer Physics Communications},
  volume={249},
  pages={107110},
  year={2020}
}
@inproceedings{Ba12Legi,
  title={Legion: Expressing locality and independence with logical regions},
  author={Bauer, M. and Treichler, S. and Slaughter, E. and Aiken, A.},
  booktitle={SC'12: Proceedings of the International Conference on High Performance Computing, Networking, Storage and Analysis},
  pages={1--11},
  year={2012},
  organization={IEEE}
}
@inproceedings{Mo14Aman,
  title={Amanzi: An Open-Source Multi-process Simulator for Environmental Applications},
  author={Moulton, J.D. and Molins, S. and Johnson, J.N. and Coon, E. and Lipnikov, K. and Day, M. and Barker, E.},
  booktitle={AGU Fall Meeting Abstracts},
  year={2014}
}
@article{Al20Exas,
  author = {Alexander, F. and Almgren, A. and Bell, J. and Bhattacharjee, A. and Chen, J. and Colella, P. and Daniel, D. and DeSlippe, J. and Diachin, L. and Draeger, E. and Dubey, A. and Dunning, T. and Evans, T. and Foster, I. and Francois, M. and Germann, T. and Gordon, M. and Habib, S. and Halappanavar, M. and Hamilton, S. and Hart, W. and (Henry) Huang, Z. and Hungerford, A. and Kasen, D. and Kent, P. R. C. and Kolev, T. and Kothe, D. B. and Kronfeld, A. and Luo, Y. and Mackenzie, P. and McCallen, D. and Messer, B. and Mniszewski, S. and Oehmen, C. and Perazzo, A. and Perez, D. and Richards, D. and Rider, W. J. and Rieben, R. and Roche, K. and Siegel, A. and Sprague, M. and Steefel, C. and Stevens, R. and Syamlal, M. and Taylor, M. and Turner, J. and Vay, J.-Luc and Voter, A. F. and Windus, T. L. and Yelick, K. },
  title = {Exascale applications: skin in the game},
  journal = {Philosophical Transactions of the Royal Society A: Mathematical, Physical and Engineering Sciences},
  volume = {378},
  number = {2166},
  pages = {20190056},
  year = {2020},
  HOWPUBLISHED = "\url{https://royalsocietypublishing.org/doi/abs/10.1098/rsta.2019.0056}"
}
@article{Gr19Mast,
  title={Mastering the scales: a survey on the benefits of multiscale computing software},
  author={Groen, D. and Knap, J. and Neumann, P. and Suleimenova, D. and Veen, L. and Leiter, K.},
  journal={Philosophical Transactions of the Royal Society A},
  volume={377},
  number={2142},
  pages={20180147},
  year={2019},
}
@article{Va16Alya,
  title={Alya: Multiphysics engineering simulation toward exascale},
  author={V{\'a}zquez, M. and Houzeaux, G. and Koric, S. and Artigues, A. and Aguado-Sierra, J. and Ar{\'\i}s, R. and Mira, D. and Calmet, H. and Cucchietti, F. and Owen, H. and Taha, A. and Burness, E.D. and Cela, J.M.  and Valero, M.},
  journal={Journal of computational science},
  volume={14},
  pages={15--27},
  year={2016}
}
@article{Gu18Newh,
  title={New high performance computing software for multiphysics simulations of fusion reactors},
  author={Gutierrez-Milla, A. and Mantsinen, M. and Avila, M. and Houzeaux, G. and Riera-Auge, C. and S{\'a}ez, X.},
  journal={Fusion Engineering and Design},
  volume={136},
  pages={639--644},
  year={2018}
}
@article{Bo16Pres,
  title={{Presentation of the new SOLPS-ITER code package for tokamak plasma edge modelling}},
  author={Bonnin, X. and Dekeyser, W. and Pitts, R. and Coster, D. and Voskoboynikov, S. and Wiesen, S.},
  journal={Plasma and Fusion Research},
  volume={11},
  pages={1403102--1403102},
  year={2016}
}
@misc{pp20,
  title={{SIAM PP20 Meeting programme and abstracts}},
  HOWPUBLISHED="\url{https://www.siam.org/Portals/0/Conferences/PP20/PP20_PROGRAM_COLOR_V4_with_abstracts.pdf?ver=2020-02-06-095558-400}",
  note={{Online; accessed June 2020}},
  year={2020}
}
@article{Co16Mana,
  title={Managing complexity in simulations of land surface and near-surface processes},
  author={Coon, E.T. and Moulton, J.D. and Painter, S.L.},
  journal={Environmental modelling \& software},
  volume={78},
  pages={134--149},
  year={2016}
}
@article{Sc04Leve,
  title={Leveraging application frameworks},
  author={Schmidt, D.C. and Gokhale, A. and Natarajan, B.},
  journal={Queue},
  volume={2},
  number={5},
  pages={pp20--75},
  HOWPUBLISHED="\url{https://doi.org/10.1145/1016998.1017005}",
  year={2004}
}
@misc{turbtp,
  title={{Multiscale turbulent dynamics of tokamak plasmas}},
  HOWPUBLISHED="\url{https://gow.epsrc.ukri.org/NGBOViewGrant.aspx?GrantRef=EP/R034737/1}",
  note={{Online; accessed May 2020}},
  year={2020}
}
@misc{etasc,
  title={{EUROfusion Theory and Advanced Simulation Coordination (E-TASC)}},
  HOWPUBLISHED="\url{https://www.euro-fusion.org/news/2021/march/eurofusion-e-tasc}",
  note={{Online; accessed January 2022}},
  year={2022}
}
@misc{etasc-old,
  title={{EUROfusion Theory and Advanced Simulation Coordination (E-TASC)}},
  HOWPUBLISHED="\url{https://www.euro-fusion.org/programme/iter-physics/}",
  note={{Online; accessed May 2020}},
  year={2020}
}
@misc{ecp,
  title={{Exascale Computing Project (ECP)}},
  HOWPUBLISHED="\url{https://www.exascaleproject.org/}",
  note={{Online; accessed May 2020}},
  year={2020}
}

@misc{met_excalibur_website,
  title={{Met Office ExCALIBUR website}},
  HOWPUBLISHED={\url{https://www.metoffice.gov.uk/research/approach/collaboration/spf/excalibur}},
  note={{Online; accessed May 2021}},
  year={2021}
}

@article{Sh19Full,
  title={Full-f gyrokinetic simulation of turbulence in a helical open-field-line plasma},
  author={Shi, E. L. and Hammett, G. W. and Stoltzfus-Dueck, T. and Hakim, A. },
  journal={Physics of Plasmas},
  volume={26},
  number={1},
  pages={012307},
  year={2019}
}
@misc{ceed25,
  title={{ceed25}},
  HOWPUBLISHED="\url{https://ceed.exascaleproject.org/docs/ceed-ms25-report.pdf}",
  note={{Online; accessed May 2020}},
  year={2020}
}
@misc{proxies,
  title={{Proxy Applications}},
  HOWPUBLISHED="\url{https://proxyapps.exascaleproject.org}",
  note={{Online; accessed May 2020}},
  year={2020}
}
@article{Vo91Flui,
  title={Fluid model equations for the tokamak plasma edge},
  author={Vold, E.L. and Najmabadi, F. and Conn, R.W.},
  journal={Physics of Fluids B: Plasma Physics},
  volume={3},
  number={11},
  pages={3132--3152},
  year={1991}
}
@article{Ca10Tran,
  title={Transport equations in tokamak plasmas},
  author={Callen, J.D. and Hegna, C.C. and Cole, A.J.},
  journal={Physics of Plasmas},
  volume={17},
  number={5},
  pages={056113},
  year={2010}
}
@book{vandervorst,
  title={{Iterative Krylov Methods for Large Linear Systems}},
  author={van der Vorst, H.A.},
  year={2003},
  publisher={Oxford}
}
@book{thompson,
  title={{An Introduction to Plasma Physics}},
  author={Thompson, W.B.},
  year={1962},
  publisher={Pergamon}
}
@TECHREPORT{pappeqs2,
  AUTHOR = {Arter, W.},
  TITLE = "{Equations for EXCALIBUR/NEPTUNE Proxyapps}",
  NUMBER = "{CD/EXCALIBUR-FMS/0021-1.01-M1.2.1}",
  NOTE = {\url{https://github.com/ExCALIBUR-NEPTUNE/Documents/blob/main/reports/ukaea_reports/CD-EXCALIBUR-FMS0021-1.01-M1.2.1.pdf}},
  DATE={6/5/21},
  INSTITUTION={UKAEA},
  YEAR = 2021
}
@TECHREPORT{pappeqs,
  AUTHOR = {Arter, W.},
  TITLE = "{Equations for EXCALIBUR/NEPTUNE Proxyapps}",
  NUMBER = "{CD/EXCALIBUR-FMS/0021-1.00-M1.2.1}",
  NOTE = {\url{https://github.com/ExCALIBUR-NEPTUNE/Documents/blob/main/reports/ukaea_reports/CD-EXCALIBUR-FMS0021-1.00-M1.2.1.pdf}},
  DATE={2020-03-10},
  INSTITUTION={UKAEA},
  YEAR = 2020
}
@TECHREPORT{charter,
  AUTHOR = {Arter, W.},
  TITLE = "{EXCALIBUR NEPTUNE Charter}",
  NUMBER = "{CD/EXCALIBUR-FMS/0020}",
  NOTE = {\url{https://github.com/ExCALIBUR-NEPTUNE/Documents/blob/main/reports/ukaea_reports/CD-EXCALIBUR-FMS0020.pdf}},
  DATE={30/6/20, for procurement 7/9/20},
  INSTITUTION={UKAEA},
  YEAR = 2020
}
@TECHREPORT{y1re111a,
  AUTHOR = {Samaddar, D.},
  TITLE = "{NEPTUNE: Report on Y1 2019 Internal Workshop}",
  NUMBER = "{CD/EXCALIBUR-FMS/0018-M1.1.1a}",
  NOTE = {\url{https://github.com/ExCALIBUR-NEPTUNE/Documents/blob/main/reports/ukaea_reports/CD-EXCALIBUR-FMS0018-M1.1.1a.pdf}},
  DATE={10/3/20, RA 12/3/20},
  INSTITUTION={UKAEA},
  YEAR = 2020
}
@TECHREPORT{y1re111b,
  AUTHOR = {Samaddar, D.},
  TITLE = "{NEPTUNE: Report on Y1 2020 External Workshop (REPORT1)}",
  NUMBER = "{CD/EXCALIBUR-FMS/0010-M1.1.1b}",
  NOTE = {\url{https://github.com/ExCALIBUR-NEPTUNE/Documents/blob/main/reports/ukaea_reports/CD-EXCALIBUR-FMS0010-M1.1.1b.pdf}},
  DATE={10/3/20, RA 12/3/20},
  INSTITUTION={UKAEA},
  YEAR = 2020
}
@TECHREPORT{y1re121,
  AUTHOR = {Arter, W. and Anton, L. and Samaddar, D.},
  TITLE = "{Year One Summary Report}",
  NUMBER = "{CD/EXCALIBUR-FMS/0011-1.00-M1.2.1}",
  NOTE = {\url{https://github.com/ExCALIBUR-NEPTUNE/Documents/blob/main/reports/ukaea_reports/CD-EXCALIBUR-FMS0011-1.00-M1.2.1.pdf}},
  DATE={10/3/20},
  INSTITUTION={UKAEA},
  YEAR = 2020
}
@TECHREPORT{y1re211,
  AUTHOR = {Arter, W. and Anton, L. and Samaddar, D.},
  TITLE = "{Options for Geometry Representation}",
  NUMBER = "{CD/EXCALIBUR-FMS/0012-1.00-M2.1.1}",
  NOTE = {\url{https://github.com/ExCALIBUR-NEPTUNE/Documents/blob/main/reports/ukaea_reports/CD-EXCALIBUR-FMS0012-1.00-M2.1.1.pdf}},
  DATE={10/3/20},
  INSTITUTION={UKAEA},
  YEAR = 2020
}
@TECHREPORT{y1re231,
  AUTHOR = {Arter, W. and Anton, L. and Samaddar, D.},
  TITLE = "{Options for Particle Algorithms}",
  NUMBER = "{CD/EXCALIBUR-FMS/0013-1.01-M2.3.1}",
  NOTE = {\url{https://github.com/ExCALIBUR-NEPTUNE/Documents/blob/main/reports/ukaea_reports/CD-EXCALIBUR-FMS0013-1.01-M2.3.1.pdf}},
  DATE={5/9/20},
  INSTITUTION={UKAEA},
  YEAR = 2020
}
@TECHREPORT{y1re231v1.00,
  AUTHOR = {Arter, W. and Anton, L. and Samaddar, D.},
  TITLE = "{Options for Particle Algorithms}",
  NUMBER = "{CD/EXCALIBUR-FMS/0013-1.00-M2.3.1}",
  NOTE = {\url{https://github.com/ExCALIBUR-NEPTUNE/Documents/blob/main/reports/ukaea_reports/CD-EXCALIBUR-FMS0013-1.00-M2.3.1.pdf}},
  DATE={10/3/20},
  INSTITUTION={UKAEA},
  YEAR = 2020
}
@TECHREPORT{y1re311,
  AUTHOR = {Anton, L.},
  TITLE = "{NEPTUNE: Report on system requirements}",
  NUMBER = "{CD/EXCALIBUR-FMS/0014-1.00-M3.1.1}",
  NOTE = {\url{https://github.com/ExCALIBUR-NEPTUNE/Documents/blob/main/reports/ukaea_reports/CD-EXCALIBUR-FMS0014-1.00-M3.1.1.pdf}},
  DATE={10/3/20, LA and RA 11/3/20},
  INSTITUTION={UKAEA},
  YEAR = 2020
}
@TECHREPORT{y1re331,
  AUTHOR = {Anton, L.},
  TITLE = "{NEPTUNE: Background information and user requirements for design patterns}",
  NUMBER = "{CD/EXCALIBUR-FMS/0015-1.00-M3.3.1}",
  NOTE = {\url{https://github.com/ExCALIBUR-NEPTUNE/Documents/blob/main/reports/ukaea_reports/CD-EXCALIBUR-FMS0015-1.00-M3.3.1.pdf}},
  DATE={10/3/20, LA and RA 12/3/20},
  INSTITUTION={UKAEA},
  YEAR = 2020
}
@TECHREPORT{y1re351,
  AUTHOR = {Anton, L.},
  TITLE = "{Benchmarking requirements for NEPTUNE and available tools}",
  NUMBER = "{CD/EXCALIBUR-FMS/0016-1.00-M3.5.1}",
  NOTE = {\url{https://github.com/ExCALIBUR-NEPTUNE/Documents/blob/main/reports/ukaea_reports/CD-EXCALIBUR-FMS0016-1.00-M3.5.1.pdf}},
  DATE={10/3/20, LA and RA 12/3/20},
  INSTITUTION={UKAEA},
  YEAR = 2020
}
@TECHREPORT{sciplan,
  AUTHOR = {Arter, W. and Anton, L. and  Samaddar, D. and Akers, R.},
  TITLE = "{ExCALIBUR Fusion Modelling System Science Plan}",
  NUMBER = "{CD/EXCALIBUR-FMS/0001}",
  DATE={29/11/19, WA 21/10/19, RA 22/10/19 and 27/11/19, AV 14/11/19, MOB 1/12/19},
  NOTE="\url{https://www.metoffice.gov.uk/binaries/content/assets/metofficegovuk/pdf/research/spf/ukaea-excalibur-fms-scienceplan.pdf}",
  INSTITUTION={UKAEA},
  YEAR = 2019
}
@TECHREPORT{sciplanlocal,
  AUTHOR = {Arter, W. and Anton, L. and  Samaddar, D. and Akers, R.},
  TITLE = "{ExCALIBUR Fusion Modelling System Science Plan}",
  NUMBER = "{CD/EXCALIBUR-FMS/0001}",
  NOTE = {\url{https://github.com/ExCALIBUR-NEPTUNE/Documents/blob/main/reports/ukaea_reports/CD-EXCALIBUR-FMS0001.pdf}},
  DATE={29/11/19, WA 21/10/19, RA 22/10/19 and 27/11/19, AV 14/11/19, MOB 1/12/19},
  INSTITUTION={UKAEA},
  YEAR = 2019
}
@TECHREPORT{y12acts,
  AUTHOR = {Arter, W. and Anton, L. and  Samaddar, D. and Akers, R.},
  TITLE = "{ExCALIBUR Fusion Modelling System Activities Y1-2}",
  NUMBER = "{CD/EXCALIBUR-FMS/0004}",
  NOTE = {\url{https://github.com/ExCALIBUR-NEPTUNE/Documents/blob/main/reports/ukaea_reports/CD-EXCALIBUR-FMS0004.pdf}},
  DATE={29/9/19, WA 28/11/19, MOB 1/12/19},
  INSTITUTION={UKAEA},
  YEAR = 2019
}
@book{mcdaniel,
  title={{Collision Phenomena in Ionized Gases}},
  author={McDaniel, E.W.},
  year={1964},
  publisher={Wiley}
}
@book{duderstadtmartin,
  title={{Transport Theory}},
  author={Duderstadt, J.J. and Martin, W.R.},
  year={1979},
  publisher={Wiley}
}
@article{Fe19gene,
  title={A general preconditioning framework for coupled multiphysics problems with application to contact-and poro-mechanics},
  author={Ferronato, M. and Franceschini, A. and Janna, C. and Castelletto, N. and Tchelepi, H.A.},
  journal={Journal of Computational Physics},
  volume={398},
  pages={108887},
  year={2019}
}
@article{Ke19Hier,
  title={Hierarchical algorithms on hierarchical architectures},
  author={Keyes, D.E. and Ltaief, H. and Turkiyyah, G.},
  journal={Philosophical Transactions of the Royal Society A},
  volume={378},
  number={2166},
  pages={20190055},
  year={2020}
}
@phdthesis{taitano,
  title={{Development of a Jacobian-free Newton-Krylov method with kinetic enslavement to implicitly solve Vlasov-Poisson system in plasma physics}},
  author={Taitano, W.T.},
  year={2010},
  school={University of Idaho},
  note="\url{http://dx.doi.org/10.13140/RG.2.1.3400.0244}"
}
@article{Ya16ToCG,
  title={{To CG or to HDG: a comparative study in 3D}},
  author={Yakovlev, S. and Moxey, D. and Kirby, R.M. and Sherwin, S.J.},
  journal={Journal of Scientific Computing},
  volume={67},
  number={1},
  pages={192--220},
  year={2016}
}
@article{Ap18Equi,
  title={Equilibrium reconstruction in an iron core tokamak using a deterministic magnetisation model},
  author={Appel, L.C. and Lupelli, I. and JET Contributors},
  journal={Computer Physics Communications},
  volume={223},
  pages={1--17},
  year={2018},
  publisher={Elsevier}
}
@article{Xi03Mode,
  title={Modeling uncertainty in flow simulations via generalized polynomial chaos},
  author={Xiu, D. and Karniadakis, G. E.},
  journal={Journal of computational physics},
  volume={187},
  number={1},
  pages={137--167},
  year={2003}
}
@article{Ha17Redu,
  title={Reduced basis methods for parametrized PDEs - a tutorial introduction for stationary and instationary problems},
  author={Haasdonk, B.},
  journal={Model reduction and approximation: theory and algorithms},
  volume={15},
  pages={65},
  year={2017},
  note="\url{https://pnp.mathematik.uni-stuttgart.de/ians/haasdonk/publications/RBtutorial_preprint_update_with_header.pdf}"
}
@book{bruntonkutz,
  title={Data-driven science and engineering: Machine learning, dynamical systems, and control},
  author={Brunton, S.L. and Kutz, J.N.},
  year={2019},
  publisher={CUP}
}
@article{Ch11Ener,
  title={An energy-and charge-conserving, implicit, electrostatic particle-in-cell algorithm},
  author={Chen, G. and Chac{\'o}n, L. and Barnes, D.C.},
  journal={Journal of Computational Physics},
  volume={230},
  number={18},
  pages={7018--7036},
  year={2011}
}
@article{Si18Comp,
  title={Comparison of Preconditioning Strategies in Energy Conserving Implicit Particle in Cell Methods},
  author={Siddi, L. and Cazzola, E. and Lapenta, G.},
  journal={Communications in Computational Physics},
  volume={24},
  number={3},
  pages={672--694},
  year={2018}
}
@article{Ha18Mult,
  title={Multilevel and Multi-index Monte Carlo methods for the McKean--Vlasov equation},
  author={Haji-Ali, A.-L. and Tempone, R.},
  journal={Statistics and Computing},
  volume={28},
  number={4},
  pages={923--935},
  year={2018}
}
@unpublished{Ri15Mult,
  title={{A multilevel Monte Carlo method for a class of McKean-Vlasov processes}},
  author={Ricketson, L.F.},
  note={{arXiv preprint arXiv:1508.02299}},
  year={2015}
}
@article{Ro14Mult,
  title={Multilevel monte carlo simulation of coulomb collisions},
  author={Rosin, M.S. and Ricketson, L.F. and Dimits, A.M. and Caflisch, R.E. and Cohen, B.I.},
  journal={Journal of Computational Physics},
  volume={274},
  pages={140--157},
  year={2014}
}
@article{Ri19ener,
  title={An energy-conserving and asymptotic-preserving charged-particle orbit implicit time integrator for arbitrary electromagnetic fields},
  author={Ricketson, L.F. and Chac{\'o}n, L.},
  journal={arXiv preprint arXiv:1904.09478},
  year={2019}
}
@article{Ch17Mult,
  title={Multiscale high-order/low-order (HOLO) algorithms and applications},
  author={Chac{\'o}n, L. and Chen, G. and Knoll, D.A. and Newman,C. and Park,H. and Taitano, W. and Willert, J.A. and Womeldorff, G.},
  journal={Journal of Computational Physics},
  volume={330},
  pages={21--45},
  year={2017}
}
@article{Ma14Flui,
  title={The fluid-kinetic particle-in-cell method for plasma simulations},
  author={Markidis, S. and Henri, P. and Lapenta, G. and R{\"o}nnmark, K. and Hamrin, M. and Meliani, Z. and Laure, E.},
  journal={Journal of Computational Physics},
  volume={271},
  pages={415--429},
  year={2014}
}
@phdthesis{jtparker,
  title={Gyrokinetic simulations of fusion plasmas using a spectral velocity space representation},
  author={Parker, J.T.},
  school={Oxford University},
  year=2015
}
@article{Ve16Spec,
  title={SpectralPlasmaSolver: a spectral code for multiscale simulations of collisionless, magnetized plasmas},
  author={Vencels, J. and Delzanno, G.L. and Manzini, G. and Markidis, S. and Peng, I.B. and Roytershteyn, V.},
  journal={Journal of Physics: Conference Series},
  volume={719},
  number={1},
  pages={012022},
  year={2016}
}
@article{Pa18Vlas,
  title={Vlasov methods in space physics and astrophysics},
  author={Palmroth, M. and Ganse, U. and Pfau-Kempf, Y. and Battarbee, M. and Turc, L. and Brito, T. and Grandin, M. and Hoilijoki, S. and Sandroos, A. and von Alfthan, S.},
  journal={Living reviews in computational astrophysics},
  volume={4},
  number={1},
  pages={1},
  year={2018}
}
@article{Mo20Nekt,
  title={Nektar++: enhancing the capability and application of high-fidelity spectral/hp element methods},
  author={Moxey, D. and Cantwell, C.D. and Bao, Y. and Cassinelli, A. and Castiglioni, G. and Chun, S. and Juda, E. and Kazemi, E. and Lackhove, K. and Marcon, J. and others},
  journal={Computer Physics Communications},
  volume={249},
  pages={107110},
  year={2020}
}
@book{farin,
  title={{Curves and surfaces for computer aided geometric design}},
  author={Farin, G.},
  year={{1990, 5th Edition 2002}},
  publisher={Academic Press Professional, Inc. San Diego, CA, USA}
}
@article{Mi16part,
  title={Particle-in-cell modeling of spacecraft-plasma interaction effects on double-probe electric field measurements},
  author={Miyake, Y. and Usui, H.},
  journal={Radio Science},
  volume={51},
  number={12},
  pages={1905--1922},
  year={2016}
}
@article{Ge09gmsh,
  title={Gmsh: A 3-D finite element mesh generator with built-in pre-and post-processing facilities},
  author={Geuzaine, C. and Remacle, J.-F.},
  journal={International journal for numerical methods in engineering},
  volume={79},
  number={11},
  pages={1309--1331},
  year={2009}
}
@book{encyclcompmech,
  title={Encyclopedia of Computational Mechanics},
  author={de Borst, R. and Hughes, T.J.R. and Stein, E.},
  year={2018},
  publisher={Wiley}
}
@incollection{Do18Arbi,
  title={Arbitrary Lagrangian--Eulerian Methods},
  author={Donea, J. and Huerta, A. and Ponthot, J.-Philippe and Rodr{\'\i}guez-Ferran, A.},
  booktitle={Encyclopedia of Computational Mechanics Second Edition},
  editor={de Borst, R. and Hughes, T.J.R. and Stein, E.},
  pages={339--361},
  volume={1},
  year={2018},
  publisher={Wiley Online Library}
}
@article{Ro19Univ,
  title={Universal formulation of central-moments-based lattice Boltzmann method with external forcing for the simulation of multiphysics phenomena},
  author={De Rosis, A. and Huang, R. and Coreixas, C.},
  journal={Physics of Fluids},
  volume={31},
  number={11},
  pages={117102},
  year={2019}
}
@incollection{Hu18Math,
  title={Mathematics of isogeometric analysis: a conspectus},
  author={Hughes, T.J.R. and Sangalli, G.},
  booktitle={Encyclopedia of Computational Mechanics Second Edition},
  editor={de Borst, R. and Hughes, T.J.R. and Stein, E.},
  pages={589--628},
  volume={2},
  year={2018},
  publisher={Wiley Online Library}
}
@article{Ya20Full,
  title={A full-field simulation methodology for sonic boom modeling on adaptive Cartesian cut-cell meshes},
  author={Yamashita, R. and Wutschitz, L. and Nikiforakis, N.},
  journal={Journal of Computational Physics},
  pages={109271},
  year={2020}
}
@article{Mi20Mult,
  title={Multi-physics simulations of lightning strike on elastoplastic substrates},
  author={Millmore, S. and Nikiforakis, N.},
  journal={Journal of Computational Physics},
  volume={405},
  pages={109142},
  year={2020}
}
@article{Go18Dime,
  title={A dimensionally split Cartesian cut cell method for hyperbolic conservation laws},
  author={Gokhale, N. and Nikiforakis, N. and Klein, R.},
  journal={Journal of Computational Physics},
  volume={364},
  pages={186--208},
  year={2018}
}
@article{Mo16Eige,
  title={Eigensolution analysis of spectral/hp continuous Galerkin approximations to advection--diffusion problems: Insights into spectral vanishing viscosity},
  author={Moura, R.C. and Sherwin, S.J. and Peir{\'o}, J.},
  journal={Journal of Computational Physics},
  volume={307},
  pages={401--422},
  year={2016}
}
@article{Mo15Line,
  title={Linear dispersion--diffusion analysis and its application to under-resolved turbulence simulations using discontinuous Galerkin spectral/hp methods},
  author={Moura, R.C. and Sherwin, S.J. and Peir{\'o}, J.},
  journal={Journal of Computational Physics},
  volume={298},
  pages={695--710},
  year={2015}
}
@article{Mo19Spat,
  title={Spatial eigenanalysis of spectral/hp continuous Galerkin schemes and their stabilisation via DG-mimicking spectral vanishing viscosity: Application to high Reynolds number flows},
  author={Moura, R. and Aman, M. and Peir{\'o}, J. and Sherwin, S.},
  journal={Journal of Computational Physics},
  pages={109112},
  year={2019}
}
@article{Fe19Nonm,
  title={Non-modal analysis of spectral element methods: Towards accurate and robust large-eddy simulations},
  author={Fernandez, P. and Moura, R.C. and Mengaldo, G. and Peraire, J.},
  journal={Computer Methods in Applied Mechanics and Engineering},
  volume={346},
  pages={43--62},
  year={2019}
}
@techreport{He16Repo,
  title={Report of the 2014 programming models and environments summit},
  author={Heroux, M. and Lethin, R.},
  year={2016},
  institution={US Dept. of Energy, Washington, DC (United States)}
}
@article{Do20Nume,
  title={Numerical algorithms for high-performance computational science},
  author={Dongarra, J. and Grigori, L. and Higham, N.J.},
  journal={Philosophical Transactions of the Royal Society A},
  volume={378},
  number={2166},
  pages={20190066},
  year={2020}
}
@article{La18Cros,
  title={Crossing the chasm: how to develop weather and climate models for next generation computers?},
  author={Lawrence, B.N. and Rezny, M. and Budich, R. and Bauer, P. and Behrens, J. and Carter, M. and Deconinck, W. and Ford, R. and Maynard, C. and Mullerworth, S. and others},
  journal={Geoscientific Model Development},
  volume={11},
  number={5},
  pages={1799--1821},
  year={2018}
}
@techreport{ecss40exc,
  title={{ECSS-E-ST-40C - Software (6 March 2009)}},
  author={Drabbe, J.},
  year={2009},
  note={\url{https://ecss.nl/standard/ecss-e-st-40c-software-general-requirements/}},
  institution={{ESA}}
}
@article{Du17Herm,
  title={Hermes: global plasma edge fluid turbulence simulations},
  author={Dudson, B.D. and Leddy, J.},
  journal={Plasma Physics and Controlled Fusion},
  volume={59},
  number={5},
  pages={054010},
  year={2017}
}
@book{hewittexc,
  title={{Semantic Software Design: A New Theory and Practical Guide for Modern Architects}},
  author={Hewitt, E.},
  year={2019},
  publisher={O'Reilly Media}
}

@article{Gerstner03,
  title={Dimension--adaptive tensor--product quadrature},
  author={Gerstner, Thomas and Griebel, Michael},
  journal={Computing},
  volume={71},
  number={1},
  pages={65--87},
  year={2003},
  publisher={Springer}
}

@article{El65Nume,
  title={Numerical experiments with free convection in a vertical slot},
  author={Elder, J.W.},
  journal={Journal of Fluid Mechanics},
  volume={24},
  part={4},
  pages={823-843},
  year={1965}
}

@article{Pennycook19,
  title={Implications of a metric for performance portability},
  author={Pennycook, S. J. and Sewall, J. D. and Lee, V. W.},
  journal={Future Generation Computer Systems},
  volume={92},
  pages={947--958},
  year={2019},
  publisher={Elsevier}
}

@inproceedings{Sewall20,
  title={Interpreting and visualizing performance portability metrics},
  author={Sewall, J. and Pennycook, S. J. and Jacobsen, D. and Deakin, T. and McIntosh-Smith, S.},
  booktitle={2020 IEEE/ACM International Workshop on Performance, Portability and Productivity in HPC (P3HPC)},
  pages={14--24},
  year={2020},
  organization={IEEE}
}
@TECHREPORT{y3re42,
  TITLE = "{2-D Model of Neutral Gas and Impurities}",
  NUMBER = "{CD/EXCALIBUR-FMS/0061-M4.2}",
  NOTE = {\url{https://github.com/ExCALIBUR-NEPTUNE/Documents/blob/main/reports/ukaea_reports/CD-EXCALIBUR-FMS0061-M4.2.pdf}},
  AUTHOR = {Saunders, W. and Cook, J. and Arter, W.},
  DATE={17/12/21},
  INSTITUTION={UKAEA},
  YEAR = 2021
}
@article{Chankin15,
  title={On the locality of parallel transport of heat carrying electrons in the {SOL}},
  author={Chankin, A. V. and Coster, D. P.},
  journal={Journal of Nuclear Materials},
  volume={463},
  pages={498--501},
  year={2015},
  publisher={Elsevier}
}

@article{Catto78,
  title={Linearized gyro-kinetics},
  author={Catto, P. J.},
  journal={{Plasma Physics}},
  volume={20},
  number={7},
  pages={719},
  year={1978},
  publisher={IOP Publishing}
}

@article{Chodura82,
  title={Plasma-wall transition in an oblique magnetic field},
  author={Chodura, R.},
  journal={{The Physics of Fluids}},
  volume={25},
  number={9},
  pages={1628-1633},
  year={1982},
  publisher={American Institute of Physics}
}


@article{Frieman82,
  title={Nonlinear gyrokinetic equations for low-frequency electromagnetic waves in general plasma equilibria},
  author={Frieman, E. A. and Chen, L.},
  journal={{The Physics of Fluids}},
  volume={25},
  number={3},
  pages={502-508},
  year={1982},
  publisher={American Institute of Physics}
}

@article{Geraldini21,
  title={Large gyro-orbit model of ion velocity distribution in plasma near a wall in a grazing-angle magnetic field},
  author={Geraldini, A.},
  journal={{Journal of Plasma Physics}},
  volume={87},
  number={1},
  year={2021},
  publisher={Cambridge University Press}
}

@article{Kagan08,
  title={Arbitrary poloidal gyroradius effects in tokamak pedestals and transport barriers},
  author={Kagan, G. and Catto, P. J.},
  journal={{Plasma Physics and Controlled Fusion}},
  volume={50},
  number={8},
  pages={085010},
  year={2008},
  publisher={IOP Publishing}
}

@article{Parisi20,
  title={{Toroidal and slab ETG instability dominance in the linear spectrum of JET-ILW pedestals}},
  author={Parisi, J. F. and Parra, F. I. and Roach, C. M. and Giroud, C. and Dorland, W. and Hatch, D. R. and Barnes, M. and Hillesheim, J. C. and Aiba, N. and Ball, J. and others},
  journal={{Nuclear Fusion}},
  volume={60},
  number={12},
  pages={126045},
  year={2020},
  publisher={IOP Publishing}
}


@article{Parra08,
  title={Limitations of gyrokinetics on transport time scales},
  author={Parra, F. I. and Catto, P. J.},
  journal={{Plasma Physics and Controlled Fusion}},
  volume={50},
  number={6},
  pages={065014},
  year={2008},
  publisher={IOP Publishing}
}

@article{Parker93,
  title={A suitable boundary condition for bounded plasma simulation without sheath resolution},
  author={Parker, S. E. and Procassini, R. J. and Birdsall, C. K. and Cohen, B. I.},
  journal={{Journal of Computational Physics}},
  volume={104},
  number={1},
  pages={41--49},
  year={1993},
  publisher={Elsevier}
}


@article{Dorf16,
  title={Continuum kinetic modeling of the tokamak plasma edge},
  author={Dorf, M. A. and Dorr, M. R. and Hittinger, J. A. and Cohen, R. H. and Rognlien, T. D.},
  journal={{Physics of Plasmas}},
  volume={23},
  number={5},
  pages={056102},
  year={2016},
  publisher={AIP Publishing LLC}
}


@article{Hakim20,
  title={{Continuum electromagnetic gyrokinetic simulations of turbulence in the tokamak scrape-off layer and laboratory devices}},
  author={Hakim, A. H. and Mandell, N. R. and Bernard, T. N. and Francisquez, M. and Hammett, G. W. and Shi, E. L.},
  journal={{Physics of Plasmas}},
  volume={27},
  number={4},
  pages={042304},
  year={2020},
  publisher={AIP Publishing LLC}
}

@article{Ku16,
  title={{A new hybrid-Lagrangian numerical scheme for gyrokinetic simulation of tokamak edge plasma}},
  author={Ku, S. and Hager, R. and Chang, C.-S. and Kwon, J. M. and Parker, S. E.},
  journal={{Journal of Computational Physics}},
  volume={315},
  pages={467--475},
  year={2016},
  publisher={Elsevier}
}

@article{Reiter05,
  title={The {EIRENE} and {B2-EIRENE} codes},
  author={Reiter, D. and Baelmans, M. and Boerner, P.},
  journal={Fusion Science and Technology},
  volume={47},
  number={2},
  pages={172--186},
  year={2005},
  publisher={Taylor \& Francis}
}

@article{Stotler94,
  title={Neutral gas transport modeling with {DEGAS} 2},
  author={Stotler, D. and Karney, C.},
  journal={Contributions to Plasma Physics},
  volume={34},
  number={2-3},
  pages={392--397},
  year={1994},
  publisher={Wiley Online Library}
}

@article{Tskhakaya11,
  title={Interpretation of divertor {Langmuir} probe measurements during the {ELM}s at {JET}},
  author={Tskhakaya, D. and Jachmich, S. and Eich, T. and Fundamenski, W. and JET EFDA contributors},
  journal={Journal of Nuclear Materials},
  volume={415},
  number={1},
  pages={S860--S864},
  year={2011},
  publisher={Elsevier}
}

@unpublished{Gouarin2021,
  TITLE = {{Fully algebraic domain decomposition preconditioners with adaptive spectral bounds}},
  AUTHOR = {Gouarin, L. and Spillane, N.},
  URL = {https://hal.archives-ouvertes.fr/hal-03258644},
  NOTE = {preprint},
  YEAR = {2021},
  MONTH = Jun,
  PDF = {https://hal.archives-ouvertes.fr/hal-03258644v2/file/AlgebraicGenEO.pdf},
  HAL_ID = {hal-03258644},
  HAL_VERSION = {v2},
}
@misc{Spillane21Preconditioner,
      title={Toward a new fully algebraic preconditioner for symmetric positive definite problems}, 
      author={N. Spillane},
      year={2021},
      eprint={2106.11574},
      archivePrefix={arXiv},
      primaryClass={math.NA}
}
@unpublished{Spillane21GenEO,
  TITLE = {{An abstract theory of domain decomposition methods with coarse spaces of the GenEO family}},
  AUTHOR = {Spillane, N.},
  URL = {https://hal.archives-ouvertes.fr/hal-03186276},
  NOTE = {preprint},
  YEAR = {2021},
  MONTH = Mar,
  KEYWORDS = {linear solver ; domain decomposition ; coarse space ; preconditioning ; deflation ; linear solver},
  PDF = {https://hal.archives-ouvertes.fr/hal-03186276/file/AbstractGenEO.pdf},
  HAL_ID = {hal-03186276},
  HAL_VERSION = {v1},
}

@book{Mccormick87,
  title={Multigrid methods},
  author={McCormick, S.F.},
  year={1987},
  publisher={SIAM}
}

@misc{BoomerAMG,
  title={{BoomerAMG parallel implementation of the algebraic multigrid method}},
  HOWPUBLISHED={\url{https://hypre.readthedocs.io/en/latest/solvers-boomeramg.html}},
  year={2022},
  note={Accessed: March 2022}
}

@article{AlDaas22,
  title={{Efficient Algebraic Two-Level Schwarz Preconditioner For Sparse Matrices}},
  author={Al Daas, H. and Jolivet, P. and Rees, T.},
  journal={arXiv preprint arXiv:2201.02250},
  year={2022}
}

@misc{FusionModellingUseCaseRepo,
  title={{Fusion Modelling Use Case GitHub Repository}},
  HOWPUBLISHED={\url{https://github.com/ExCALIBUR-NEPTUNE/Cross-Cutting-Organisation}},
  year={2022},
  note={Accessed: March 2022}
}

@misc{PolyrepoPracticeCore,
  title={{ExCALIBUR-NEPTUNE PolyrepoPracticeCore GitHub Repository}},
  HOWPUBLISHED={\url{https://github.com/ExCALIBUR-NEPTUNE/PolyrepoPracticeCore}},
  year={2022},
  note={Accessed: March 2022}
}

@misc{oneAPISamplesLibrary,
  title={{oneAPI Samples Repository}}, 
  HOWPUBLISHED={\url{https://github.com/oneapi-src/oneAPI-samples}},
  year={2022},
  note={Accessed: March 2022}
}

