@book{sommerville,
  title={Software Engineering. 5th Edition (10th Edition, 2017)},
  author={Sommerville, I.},
  year={1997},
  publisher={Addison-Wesley}
}
@Article{alhi09a,
  Title={A New Scaling and Squaring Algorithm for the Matrix Exponential},
  Author={Awad H. Al-Mohy and Nicholas J. Higham},
  Journal={SIAM J. Matrix Anal. Appl.},
  Year={2009},
  Month={August},
  Number={3},
  Pages={970--989},
  Volume={31}
}

@Article{alhi11,
  Title={Computing the Action of the Matrix Exponential, with an Application to Exponential Integrators},
  Author={Awad H. Al-Mohy and Nicholas J. Higham},
  Journal={SIAM J. Sci. Comput.},
  Year={2011},
  Number={2},
  Pages={488--511},
  Volume={33}
}

@Book{high:FM,
  Title={Functions of {M}atrices: Theory and {C}omputation},
  Author={Nicholas J. Higham},
  Publisher={Society for Industrial and Applied Mathematics},
  Year={2008},
  Address={Philadelphia, PA, USA},
  ISBN={978-0-898716-46-7},
  Pages={xx+425}
}
@book{matlab,
  author={{The MathWorks}},
  title={{MATLAB}}, 
  publisher={{The MathWorks, Inc., Natick, Massachusetts, United States}},
  year={{Release 2012a}}
}
@book{lamb,
  title={Hydrodynamics},
  author={Lamb, H.},
  year={1997},
  publisher={CUP}
}
@incollection{truesdelltopin,
  title={The classical field theories},
  author={Truesdell, C. and Toupin, R.},
  booktitle={Encyclopedia of Physics. Principles of Classic Mechanics and Field Theory},
  editor={Fluegge, S.},
  volume={{3/1}},
  pages={226-858},
  publisher={Springer},
  year={1960}
}
@article{Mo05Disc,
  title={{A Discontinuous Galerkin Method for Linear Symmetric Hyperbolic Systems in Inhomogeneous Media}},
  author={Monk, P. and Richter, G.R.},
  journal={Journal of Scientific Computing},
  volume={22},
  number={1},
  pages={443--477},
  year={2005},
  publisher={Springer}
}
@article{Ai06Disp,
  title={{Dispersive and Dissipative Properties of Discontinuous Galerkin Finite Element Methods for the Second-Order Wave Equation}},
  author={Ainsworth, M. and Monk, P. and Muniz, W.},
  journal={Journal of Scientific Computing},
  volume={27},
  number={1},
  pages={5--40},
  year={2006},
  publisher={Springer}
}
@book{gridgenhbook,
  title={{Handbook of Grid Generation}},
  editor={Thompson, J.F. and Soni, B. and Weatherill, N.},
  year={1999},
  publisher={CRC Press}
}
@incollection{Sc99Quad,
  booktitle={{Handbook of Grid Generation}},
  editor={Thompson, J.F. and Soni, B. and Weatherill, N.},
  title={{Quadrilateral and Hexahedral Element Meshes}},
  author={Schneider, R.},
  chapter={21},
  year={1999},
  publisher={CRC Press}
}
@inproceedings{Mi02Surv,
  title={{A Technical History of Hexahedral Mesh Generation
  Survey of Structured Grid Generation}},
  author={{Mitchell, S. and Knupp, P.}},  
  booktitle={{11th International Meshing Roundtable, Ithaca, New York}},
  year=2002,
  pages={{Short Course}}
}

@inproceedings{Lo06Coord,
  title={{Coordination of Research on Internal Dosimetry in Europe: The CONRAD Project}},
  author={Lopez, MA and Etherington, G. and Castellani, CM and Franck, M. and Hurtgen, C. and Marsh, J. and Nosske, D. and Doerfel, H. and Andrasi, A. and Bailey, M. and others},
  booktitle={Workshop ``Internal Dosimetry of Radionuclides Occupational, Public and Medical Exposures Montpellier" (F)},
  year={2006}
}
@book{H2S,
  title={{Hydrodynamic and Hydromagnetic Stability}},
  author={Chandrasekhar, S.},
  year={1961},
  publisher={Clarendon Press}
}
@article{PW,
  title={{Magnetoconvection}},
  author={Proctor, M.R.E. and Weiss, N.O.},
  journal={Reports on Progress in Physics},
  volume={45},number={11},
  pages={1317--1379},
  year={1982}
}
@article{KWD,
  title={{Oscillatory and steady convection in a magnetic field}},
  author={Knobloch, E. and Weiss, N.O. and Da Costa, L.N.},
  journal={Journal of Fluid Mechanics},
  volume={113},
  pages={153--186},
  year={1981}
}
@book{trefethenembree,
  title={{Spectra And Pseudospectra: The Behavior of Nonnormal Matrices And Operators}},
  author={Trefethen, L.N. and Embree, M.},
  year={2005},
  publisher={Princeton University Press}
}
@article{St89Infl,
  title={{Influence of random fluctuations on delayed bifurcations: The case of additive white noise}},
  author={Stocks, N.G. and Mannella, R. and McClintock, P.V.E.},
  journal={Physical Review A},
  volume={40},
  number={9},
  pages={5361--5369},
  year={1989}
}
@article{Ju00Nonl,
  title={{Nonlinear magnetoconvection in the presence of strong oblique fields}},
  author={Julien, K. and Knobloch, E. and Tobias, S.M.},
  journal={Journal of Fluid Mechanics},
  volume={410},
  pages={285--322},
  year={2000}
}

@article{Kn86Conv,
  title={{On convection in a horizontal magnetic field with periodic boundary conditions}},
  author={Knobloch, E.},
  journal={Geophysical \& Astrophysical Fluid Dynamics},
  volume={36},
  number={2},
  pages={161--177},
  year={1986}
}
@article{Ma92Comp,
  title={{Compressible magnetoconvection in oblique fields- Linearized theory and simple nonlinear models}},
  author={Matthews, P.C. and Hurlburt, N.E. and Proctor, M.R.E and Brownjohn, D.P. },
  journal={Journal of Fluid Mechanics},
  volume={240},
  pages={559--569},
  year={1992}
}
@article{Lo63Dete,
  title={{Deterministic Nonperiodic Flow}},
  author={Lorenz, E.N.},
  journal={Journal of the Atmospheric Sciences},
  volume={20},
  number={2},
  pages={130--141},
  year={1963}
}
@ARTICLE{Ll07Over,
   author = {{Lloyd, B. and others}},
    title = "{Overview of physics results from MAST}",
  journal = {Nuclear Fusion},
     year = 2007,
   volume = 47,
  number={10},
  pages={S658--S667}
}
@book{guckenheimerholmes,
  title={{Nonlinear Oscillations, Dynamical Systems, and Bifurcations of Vector Fields}},
  author={Guckenheimer, J. and Holmes, P.},
  year={1983},
  publisher={Springer}
}
@book{kuznetsov,
  title={{Elements of Applied Bifurcation Theory}},
  author={Kuznetsov, Y.A.},
  year={1995},
  publisher={Springer}
}

@techreport{Gi07Plan,
  author       = {Gittelson, C. and Hiptmair, R. and Perugia, I.},
  title        = {Plane wave discontinuous Galerkin methods},
  institution  = {Isaac Newton Institute Cambridge},
  year         = 2007,
  number       = {NI07088-HOP},
  address      = {Cambridge, UK},
  month        = {December},
  note         = {http://www.newton.cam.ac.uk/preprints/NI07088.pdf}
}

@article{Hu07Useo,
  title={{The use of plane waves to approximate wave propagation in anisotropic media}},
  author={Huttunen, T. and Monk, P.},
  journal={Journal of Computational Mathematics},
  volume={25},
  number={3},
  pages={350--367},
  year={2007}
}

@inproceedings{Ch01Adva,
  title={{Advances in FDTD Modeling Capabilities for Enhanced Analysis of Antennas Embedded in Complex Environments}},
  author={Chavannes, N. and Gerber, HU and Christ, A. and Frohlich, J. and Songoro, H. and Kuster, N.},
  booktitle={2001 International Conference on Electromagnetics in Advanced Applications, Torino, Italy},
  pages={10--14},
  year={2001},
  publisher={ICEAA}
}

@article{kolesnikov2005tci,
  title={{Transition to Collisionless Ion-Temperature-Gradient-Driven Plasma Turbulence: A Dynamical Systems Approach}},
  author={Kolesnikov, RA and Krommes, JA},
  journal={Physical Review Letters},
  volume={94},
  number={23},
  pages={235002},
  year={2005},
  publisher={APS}
}
@article{numata2007ber,
  title={{Bifurcation in electrostatic resistive drift wave turbulence}},
  author={Numata, R. and Ball, R. and Dewar, R.L.},
  journal={Physics of Plasmas},
  volume={14},
  pages={102312},
  year={2007},
  publisher={AIP}
}
@article{ball2005stl,
  title={{Suppression of turbulence at low power input in a model for plasma confinement transitions}},
  author={Ball, R.},
  journal={Physics of Plasmas},
  volume={12},
  pages={090904},
  year={2005},
  publisher={AIP}
}
@Article{PhysRevE.66.066408,
  title = {Metamorphosis of plasma turbulence\char21{}shear-flow dynamics through a transcritical bifurcation},
  author = {Ball, R.  and Dewar, R. L. and Sugama, H. },
  journal = {Physical Review E},
  volume = {66},
  number = {6},
  pages = {066408},
  numpages = {9},
  year = {2002}
}
@article{ball:deo,
  title={{Dynamics of Edge Oscillations and Core Relaxations in Harness}},
  author={Ball, R. and Horton, W.}
}
@article{Th99Nonl,
  title={{A nonlinear dynamic model of relaxation oscillations in tokamaks}},
  author={Thyagaraja, A. and Haas, F.A. and Harvey, D.J.},
  journal={Physics of Plasmas},
  volume={6},
  pages={2380-2392},
  year={1999}
}
@article{Ha95Turb,
  title={{Turbulence and the nonlinear dynamics of sawteeth in tokamaks}},
  author={Haas, F.A. and Thyagaraja, A.},
  journal={Plasma Physics and Controlled Fusion},
  volume={37},
  pages={415-436},
  year={1995}
}

@article{Su95LHco,
  title={{LH confinement mode dynamics in three-dimensional state space}},
  author={Sugama, H. and Horton, W.},
  journal={Plasma Physics and Controlled Fusion},
  volume={37},
  number={3},
  pages={345--362},
  year={1995}
}
@article{It03Stat,
  title={{Statistical theory of L-H transition in tokamaks}},
  author={Itoh, S.I. and Itoh, K. and Toda, S.},
  journal={Plasma physics and controlled fusion},
  volume={45},
  number={5},
  pages={823--840},
  year={2003}
}
@article{Vo95Self,
  title={{Self-consistent description of L-H mode transition dynamics in tokamaks}},
  author={Vojtsekhovich, I.A. and Dnestrovskij, A.Y. and Parail, V.V.},
  journal={Nuclear Fusion},
  volume={35},
  number={6},
  pages={631--640},
  year={1995}
}
@Article{It91Edge,
  title = {Edge localized mode activity as a limit cycle in tokamak plasmas},
  author = {Itoh, S.-I.  and Itoh, K.  and Fukuyama, A.  and Miura, Y.},
  journal = {Physical Review Letters},
  volume = {67},
  number = {18},
  pages = {2485--2488},
  numpages = {3},
  year = {1991},
  month = {Oct}
}
@Article{Zo94Dyna,
  title = {{Dynamic behavior of the L-H transition}},
  author = {Zohm, H. },
  journal = {Physical Review Letters},
  volume = {72},
  number = {2},
  pages = {222--225},
  numpages = {3},
  year = {1994}
}
@article{Be07Temp,
  title={{Temporal chaos in Boussinesq magnetoconvection}},
  author={Bekki, N. and Moriguchi, H.},
  journal={Physics of Plasmas},
  volume={14},
  pages={012306},
  year={2007}
}
@article{Ko05Bifu,
  title={{Bifurcation theory of the transition to collisionless ion-temperature-gradient-driven plasma turbulence}},
  author={Kolesnikov, RA and Krommes, JA},
  journal={Physics of Plasmas},
  volume={12},
  pages={122302},
  year={2005}
}
@article{Ba02Meta,
  title = {Metamorphosis of plasma turbulence shear-flow dynamics through a transcritical bifurcation},
  author = {Ball, R.  and Dewar, R. L. and Sugama, H. },
  journal = {Physical Review E},
  volume = {66},
  number = {6},
  pages = {066408},
  numpages = {9},
  year = {2002}
}
@article{Co98Edge,
  title={{Edge-localized modes-physics and theory}},
  author={Connor, JW},
  journal={Plasma Physics and Controlled Fusion},
  volume={40},
  number={5},
  pages={531--542},
  year={1998}
}
@article{Wa82Regi,
  title={{Regime of Improved Confinement and High Beta in Neutral-Beam-Heated Divertor Discharges of the ASDEX Tokamak}},
  author={Wagner, F. and Becker, G. and Behringer, K. and Campbell, D. and Eberhagen, A. and Engelhardt, W. and Fussmann, G. and Gehre, O. and Gernhardt, J. and Gierke, G. and others},
  journal={Physical Review Letters},
  volume={49},
  number={19},
  pages={1408--1412},
  year={1982}
}
@article{Bi98GTMT,
  title={{GTM: The Generative Topographic Mapping}},
  author={Bishop, C.M. and Svensen, M. and Williams, C.K.I.},
  journal={Neural Computation},
  volume={10},
  number={1},
  pages={215--234},
  year={1998}
}

@article{Sp91SMAR,
  title={{The SMART navigation of a ray through an oct-tree}},
  author={Spackman, J. and Willis, P.},
  journal={Computers and Graphics},
  volume={15},
  number={2},
  pages={185--194},
  year={1991}
}
@article{Ra82Dyna,
  title={{Dynamics and symmetry. Predictions for modulated waves in rotating fluids}},
  author={Rand, D.},
  journal={Archive for Rational Mechanics and Analysis},
  volume={79},
  number={1},
  pages={1--37},
  year={1982}
}
@article{Cr91Symm,
  title={{Symmetry and Symmetry-Breaking Bifurcations in Fluid Dynamics}},
  author={Crawford, J.D. and Knobloch, E.},
  journal={Annual Reviews in Fluid Mechanics},
  volume={23},
  pages={341--387},
  year={1991}
}
@article{Hu88Magn,
  title = {Magnetic fields in the solar convection zone: magnetoconvection and magnetic buoyancy},
  author = {Hughes, D.W. and Proctor, M.R.E.},
  journal={Annual Reviews in Fluid Mechanics},
  volume={20},
  pages = {187--223},
  year = {1988}
}
@book{hoyle,
  title={{Pattern Formation: An Introduction to Methods}},
  author={Hoyle, R.B.},
  year={2006},
  publisher={Cambridge University Press}
}
@book{GSS,
  title={{Singularities and Groups in Bifurcation Theory}},
  author={Golubitsky, M. and Stewart, I. and Schaeffer, D.G.},
  year={1988},
  publisher={Springer}
}

@book{paraview,
  title={{The Visualization Toolkit. An Object-Oriented Approach To 3D Graphics, 4th Ed.}},
  author={Schroeder, W. and Martin, K. and Lorensen, B.},
  year={2006},
  publisher={Kitware}
}

@book{paraviewguide,
  title={{ParaView Guide, A Parallel Visualization Application}},
  author={Henderson, A.},
  year={2007},
  publisher={Kitware}
}

@article{Ay02ITER,
  title={{The ITER design}},
  author={Aymar, R. and Barabaschi, P. and Shimomura, Y.},
  journal={Plasma Physics and Controlled Fusion},
  volume={44},
  number={5},
  pages={519--565},
  year={2002}
}
@article{Es04Simp,
  title={{Simple and rigorous solution for the nonlinear tearing mode}},
  author={Escande, D.F. and Ottaviani, M.},
  journal={Physics Letters A},
  volume={323},
  number={3-4},
  pages={278--284},
  year={2004}
}

@article{Kl81Prop,
  title={{Properties of a nonlinear solar dynamo model}},
  author={Kleeorin, N.I. and Ruzmaikin, A.A.},
  journal={Geophysical \& Astrophysical Fluid Dynamics},
  volume={17},
  number={1},
  pages={281--296},
  year={1981}
}

@article{Sh07Prog,
  title={{Progress in the ITER Physics Basis Chapter 1: Overview and summary}},
  author={Shimada, M. and others},
  journal={Nuclear Fusion},
  volume={47},
  pages={S1--S17},
  year={2007}
}
@article{Sh07Proglong,
  title={{Progress in the ITER Physics Basis Chapter 1: Overview and summary}},
  author={{Shimada, M. and Campbell, D.J. and Mukhovatov, V. and Fujiwara, M. and Kirneva, N. and Lackner, K. and Nagami, M. and Pustovitov, VD and Uckan, N. and Wesley, J. and others}},
  journal={Nuclear Fusion},
  volume={47},
  pages={S1--S17},
  year={2007}
}
@article{Co84Piec,
  title={{The Piecewise Parabolic Method (PPM) for gas-dynamical simulations}},
  author={Colella, P. and Woodward, P.R.},
  journal={Journal of Computational Physics},
  volume={54},
  number={1},
  pages={174--201},
  year={1984}
}

@article{Ma82Nume,
  title={{A Numerical Method for Solving the Equations of Viscous Compressible Flows}},
  author={MacCormack, R.},
  journal={AIAA J},
  volume={20},
  pages={1275--1281},
  year={1982}
}
@article{Za79Full,
  title={{Fully multidimensional flux-corrected transport algorithms for fluids}},
  author={Zalesak, S.T.},
  journal={Journal of Computational Physics},
  volume={31},
  number={3},
  pages={335--362},
  year={1979}
}
@article{Or74Nume,
  title={{Numerical simulation of viscous incompressible flows}},
  author={Orszag, S.A. and Israeli, M.},
  journal={Annual Review of Fluid Mechanics},
  volume={6},
  number={1},
  pages={281--318},
  year={1974}
}
@inproceedings{Ph59Exam,
  title={{An example of non-linear computational instability}},
  author={Phillips, N.A.},
  booktitle={The atmosphere and the sea in motion},
  editor={{Bolin, B.}},
  pages={501--504},
  publisher={{OUP}},
  year={1959}
}
@article{Bu48Math,
  title={{A mathematical model illustrating the theory of turbulence}},
  author={Burgers, J.M.},
  journal={Adv. Appl. Mech},
  volume={1},
  pages={171--199},
  year={1948}
}
@incollection{Li56Visc,
  title={{Viscosity effects in sound waves of finite amplitude}},
  author={Lighthill, MJ},
  booktitle={Surveys in Mechanics},
  publisher={Cambridge University Press},
  editor={Batchelor, G.K. and Davies, R.M.},
  pages={250},
  year={1956}
}
@article{Be00Nond,
  title = {Nondiffusive Transport in Tokamaks: Three-Dimensional Structure of Bursts and the Role of Zonal Flows},
  author = {Beyer, P.  and Benkadda, S.  and Garbet, X.  and Diamond, P. H.},
  journal = {Phys. Rev. Lett.},
  volume = {85},
  number = {23},
  pages = {4892--4895},
  year = {2000}
}


