@article{Go07Gale,
  title={{A Galerkin method for the simulation of the transient 2-D/2-D and 3-D/3-D linear Boltzmann equation}},
  author={Gobbert, M.K. and Webster, S.G. and Cale, T.S.},
  journal={Journal of Scientific Computing},
  volume={30},
  number={2},
  pages={237--273},
  year={2007}
}
@inproceedings{Me09nonl,
  title={{A non-linear optimal discontinuous Petrov-Galerkin method for stabilising the solution of the transport equation}},
  author={Merton, S and Smedley-Stevenson, RP and Pain, CC and Buchan, AG and Eaton, MD},
  booktitle={International Conference on Mathematics, Computational Methods and Reactor Physics., Saratoga Springs, USA},
  year={2009}
}
@article{Pi83Erro,
  title={Error estimates for the combined spatial and angular approximations of the transport equation for slab geometry},
  author={Pitk{\"a}ranta, Juhani and Scott, L Ridgway},
  journal={SIAM journal on numerical analysis},
  volume={20},
  number={5},
  pages={922--950},
  year={1983}
}
@article{Du80resp,
  title={The response of an atmospheric reaction-transport model to changes in input functions},
  author={Dunker, A.M.},
  journal={Atmospheric Environment},
  volume={14},
  number={6},
  pages={671--679},
  year={1980}
}
@article{Du81Effi,
  title={Efficient calculation of sensitivity coefficients for complex atmospheric models},
  author={Dunker, A.M.},
  journal={Atmospheric Environment},
  volume={15},
  number={7},
  pages={1155--1161},
  year={1981}
}
@article{Du02deco,
  title={The decoupled direct method for sensitivity analysis in a three-dimensional air quality model implementation, accuracy, and efficiency},
  author={Dunker, A.M. and Yarwood, G. and Ortmann, J.P. and Wilson, G.M.},
  journal={Environmental science \& technology},
  volume={36},
  number={13},
  pages={2965--2976},
  year={2002}
}
@article{Ko09Comp,
  title={Comparison of source apportionment and sensitivity analysis in a particulate matter air quality model},
  author={Koo, B. and Wilson, G.M. and Morris, R.E. and Dunker, A.M. and Yarwood, G.},
  journal={Environmental science \& technology},
  volume={43},
  number={17},
  pages={6669--6675},
  year={2009}
}
@phdthesis{belli,
  title={{Studies of Numerical Algorithms for Gyrokinetics and the Effects of Shaping on Plasma Turbulence}},
  author={Belli, E.A.},
  note={http://w3.pppl.gov/\verb=~=hammett/gyrofluid/papers/2006/thesis-belli.pdf},
  year={2006},
  school={Princeton University}
}
@book{marchuk,
  title={{Methods of numerical mathematics, Second Edition}},
  author={Marchuk, GI},
  year={1982},
  publisher={Springer-Verlag}
}
@article{Ma86Theo,
  title={{Theory and applications of the generalized conjugate gradient method}},
  author={Marchuk, GI and Kuznetsov, Y.A.},
  journal={Advances in Mathematics, Supplementary Studies},
  volume={10},
  pages={153--167},
  year={1986}
}
@book{marchuk-neuts,
  title={{Numerical Methods in the Theory of Neutron Transport, Revised Second Edition}},
  author={Marchuk, G.I. and Lebedev, V.I.},
  year={1986},
  publisher={Taylor and Francis}
}
@book{marchuk-adjoint,
  title={{Adjoint Equations and Perturbation Algorithms in Nonlinear Problems}},
  author={Marchuk, G.I. and Agoshkov, V. I. and Shutyaev, V.P.},
  year={1996},
  publisher={CRC}
}
@article{Ch98Comp,
  title={{Comparison of preconditioned generalized conjugate gradient methods to two-dimensional neutron and photon transport equation}},
  author={Chen, GS and Yang, DY},
  journal={Annals of Nuclear Energy},
  volume={25},
  number={1},
  pages={97--115},
  year={1998}
}
@article{Ch04Appl,
  title={{Application of two preconditioned generalized conjugate gradient methods to three-dimensional neutron and photon transport equations}},
  author={CHEN, GS and SHEU, RD},
  journal={Progress in nuclear energy},
  volume={45},
  number={1},
  pages={11--23},
  year={2004}
}
@article{Ad02Fast,
  title={{Fast iterative methods for discrete-ordinates particle transport calculations}},
  author={Adams, ML and Larsen, EW},
  journal={Progress in Nuclear Energy},
  volume={40},
  number={1},
  pages={3--159},
  year={2002}
}

@article{Sw06Solu,
  title={{The Solution of the Time-Dependent $S_N$ Equations on Parallel Architectures}},
  author={Swesty, F.D.},
  journal={LECTURE NOTES IN COMPUTATIONAL SCIENCE AND ENGINEERING},
  volume={48},
  pages={469},
  year={2006},
  publisher={Springer}
}
@article{Ze06Upda,
  title={{Update of ITER 3D basic neutronics model with MCAM}},
  author={Zeng, Q. and Lu, L. and Ding, A. and Li, Y. and Hu, H. and Zheng, S. and Huang, Q. and Chen, Y. and Wu, Y. and Iida, H.},
  journal={Fusion Engineering and Design},
  volume={81},
  number={23-24},
  pages={2773--2778},
  year={2006}
}

@article{Li05Deve,
  title={{Development and application of MCNP auto-modeling tool: Mcam 3.0}},
  author={Liu, X.P. and Luo, Y.T. and Tong, L.L.},
  journal={Fusion Engineering and Design},
  volume={75},
  pages={1275--1279},
  year={2005}
}

@inproceedings{Li02Deve,
  title={{Development \& application of MCNP auto-modeling tool: MCAM 2.0}},
  author={Liu, XP and Luo, YT and others},
  booktitle={7th China/Japan Symposium on Materials for Advanced Energy Systems and Fission and Fusion Engineering},
  volume={270},
  year={2002}
}


@article{Bu07Trea,
  title={{Treating voxel geometries in radiation protection dosimetry with a patched version of the Monte Carlo codes MCNP and MCNPX}},
  author={Burn, KW and Daffara, C. and Gualdrini, G. and Pierantoni, M. and Ferrari, P.},
  journal={Radiation Protection Dosimetry},
  year={2007},
  volume={123},
  number={3},
  pages={345--353}
}

@article{Va05CTan,
  title={{A CT and MRI scan to MCNP input conversion program}},
  author={Van Riper, K.A. and Journals, O.},
  journal={Radiation Protection Dosimetry},
  volume={115},
  number={1-4},
  pages={513--516},
  year={2005}
}

@article{Sw05Auto,
  title={{Automated variance reduction for MCNP using deterministic methods}},
  author={Sweezy, J. and Brown, F. and Booth, T. and Chiaramonte, J. and Preeg, B. and Journals, O.},
  journal={Radiation Protection Dosimetry},
  volume={116},
  number={1-4},
  pages={508--512},
  year={2005}
}

@techreport{Sc03Modi,
  title={{Modification to the Monte Carlo N-Particle (MCNP) Visual Editor (MCNPVised) to Read in Computer Aided Design (CAD) Files}},
  author={Schwarz, R. and Carter, L.L.},
  year={2003},
  number={DE-FG03-02ER83568},
  institution={Visual Editor Consultants}
}

@techreport{Sc05Modi,
  title={{Modification to the Monte Carlo N-Particle (MCNP) Visual Editor (MCNPVised) to Read in Computer Aided Design (CAD) Files}},
  author={Schwarz, R. and Carter, L.L. and Schwarz, A.},
  year={2005},
  number={DE-FG02-03ER83844},
  institution={Visual Editor Consultants}
}

@techreport{Wi07Prog,
  title={{Progress Review Meeting on Neutronics Analyses for ITER}},
  author={Wilson, P.},
  year={2007},
  institution={ITER restricted proceedings} 
}

@techreport{Wi07Stat,
  title={{State-of-the-Art modelling of fusion facilities for 3-D nuclear assessment}},
  author={Wilson, P.},
  year={2007},
  institution={American Nuclear Society Fusion Energy Division June 2007 Newsletter}
}

@techreport{Sc05MCNP,
  title={{MCNP Visual Editor Computer Code Manual}},
  author={Schwarz, R.A. and Carter, L.L.},
  year={2005},
  institution={Visual Editor Consultants}
}

@article{Wa05Thre,
  title={{Three-dimensional modeling of complex fusion devices using CAD-MCNPX interface}},
  author={WANG, M. and TAUTGES, T.J. and HENDERSON, D.L. and EL-GUEBALY, L. and WANG, X.},
  journal={Fusion Science and technology},
  volume={47},
  number={4},
  pages={1079--1083},
  year={2005},
  publisher={American Nuclear Society}
}

@inproceedings{Ta00Coup,
  title={{Coupling Photon Monte Carlo Simulation and CAD Software. Application to X-ray Nondestructive Evaluation}},
  author={Tabary, J. and Gli{\`e}re, A.},
  booktitle={Proc. Monte Carlo 2000, Lisbon},
  year={2000},
  pages={461--466}
}

@inproceedings{Ta04Rece,
  title={{Recent improvements for scatter simulation in SINDBAD, a coupled photon Monte Carlo and CAD software.}},
  author={Tabary, J. and Hugonnard, P. and Mathy, F. and Guillemaud, R.},
  booktitle={Proc. WCNDT, Montreal},
  year={2004}
}

@article{Za07Comp,
  title={{Computational Anthropomorphic Models of the Human Anatomy: The Path to Realistic Monte Carlo Modeling in Radiological Sciences.}},
  author={Zaidi, H. and Xu, XG},
  journal={Annual Review of Biomedical Engineering},
  volume={9},
  pages={1.1--1.30},
  year={2007}
}

@inproceedings{Ca05Meth,
  booktitle={{The Monte Carlo Method: Versatility Unbounded In A Dynamic Computing World}},
  organisation={American Nuclear Society},
  address={LaGrange Park, IL},
  title={{Methods of integrating computer aided design for Monte Carlo simulations}},
  author={Caracappa, P.F. and Xu, X.G.},
  year=2005
}

@inproceedings{Ts05CADI,
  booktitle={{The Monte Carlo Method: Versatility Unbounded In A Dynamic Computing World}},
  organisation={American Nuclear Society},
  address={LaGrange Park, IL},
  title={{CAD Interface For Monte Carlo Particle Transport Codes}},
  author={Tsige-Tamirat, H.},
  year=2005
}

@article{Sa06Deve,
  title={{Development of CAD/MCNP interface program prototype for fusion reactor nuclear analysis}},
  author={Sato, S. and Iida, H. and Nishitani, T.},
  journal={Fusion Engineering and Design},
  volume={81},
  number={23-24},
  pages={2767--2772},
  year={2006}
}

@techreport{X503MCNP1,
  author={{X-5 Monte Carlo Team}},
  title={{MCNP-A General Monte Carlo N-Particle Transport Code, Version 5 - Volume I: Overview and Theory}},
  institution={Los Alamos},
  number={LA-UR-03-1987},
  year={2003}
}


@techreport{X503MCNP2,
  author={{X-5 Monte Carlo Team}},
  title={{MCNP-A General Monte Carlo N-Particle Transport Code, Version 5 - Volume II: Users Guide}},
  institution={Los Alamos},
  number={LA-CP-03-0245},
  year={2003}
}

@inproceedings{Jo06Asse,
  title={{Assessment of the Shielding Efficiency of the HCLL Blanket for a DEMO-type Fusion Reactor}},
  booktitle={{21st IAEA Fusion Energy Conference (FEC 2006)}},
  pages={FT/p5--15},
  author={Jordanova, J. and Fischer, U. and Pereslavtsev, P. and Poitevin, Y. and Salavy, J.F. and Puma, A.L.},
  year=2006
}

@inproceedings{Fi06Neut,
  title={{Neutronics and nuclear data for fusion technology: recent achievements in the EU programme}},
  booktitle={{21st IAEA Fusion Energy Conference (FEC 2006)}},
  pages={FT/p5--9},
  author={Fischer, U. and Batistoni, P. and Forrest, R. and Perel, R.L. and Pereslavtsev P. and Seidel, K. and Serikov, A. and Simakkov, S.P. and Tsige-Tamirat, H. and Zmitko, M.},
  year=2006
}
@article{Be03Opti,
  title={{An optimal control approach to a posteriori error estimation in finite element methods}},
  author={Becker, R. and Rannacher, R.},
  journal={Acta Numerica},
  volume={10},
  number={00},
  pages={1--102},
  year={2003},
  publisher={Cambridge Univ Press}
}
@inproceedings{Fo03Newm,
  title={{A New Method for 3D Radiative Transfer with Adaptive Grids}},
  author={Folini, D. and Walder, R. and Psarros, M. and Desboeufs, A.},
  booktitle={Stellar Atmosphere Modeling},
  year={2003},
   series = {Astronomical Society of the Pacific Conference Series},
   volume = 288,
   editor = {{Hubeny}, I. and {Mihalas}, D. and {Werner}, K.},
    pages = {433},
}
@inproceedings{Ho03Disc,
  title={{A Discrete Ordinates Algorithm for Radiation Transport Using Block-Structured Adaptive Mesh Refinement}},
  author={Howell, LH},
  booktitle={Conference: Nuclear Explosives Code Developers Conference (NECDC), Monterey, CA (US), 10/21/2002--10/24/2002},
  year={2003}
}
@incollection{Me07Nume,
  booktitle={{Reactive Flows, Diffusion and Transport}},
  editor={{Jager, W. and Rannacher, R. and Warnatz, J.}},
  title={{Numerical Methods for Multidimensional Radiative Transfer}},
  author={Meinkohn, E. and Kanschat, G. and Rannacher, R. and Wehrse, R.},
  publisher={Springer},
  pages={485--526},
  year=2007
}

@article{Wa02Full,
  title={{Fully consistent diffusion synthetic acceleration of linear discontinuous Sn transport discretizations on unstructured tetrahedral meshes}},
  author={Warsa, J.S. and Wareing, T.A. and Morel, J.E.},
  journal={Nuclear science and engineering},
  volume={141},
  number={3},
  pages={236--251},
  year={2002},
  publisher={American nuclear society}
}
@inproceedings{Lu04Appl,
  title={{Applications of the 3-D Deterministic Transport Attila for Core Safety Analysis}},
  author={Lucas, D.S. and Gougar, D. and Roth, P.A. and Wareing, T. and Failla, G. and McGhee, J. and Barnett, A.},
  booktitle={Conference: Americas Nuclear Energy Symposium (ANES 2004), Miami, FL (US)},
  year={2004}
}
@article{Wa01Disc,
  title={{Discontinuous finite element $S_N$ methods on three-dimensional unstructured grids}},
  author={Wareing, T.A. and McGhee, J.M. and Morel, J.E. and Pautz, S.D.},
  journal={Nucl. Sci. Eng},
  volume={138},
  number={1},
  pages={256--268},
  year={2001}
}

@article{Gi06Comp,
  title={{Comparison of a finite-element multigroup discrete-ordinates code with Monte Carlo for radiotherapy calculations.}},
  author={Gifford, K.A. and Horton, J.L. and Wareing, T.A. and Failla, G. and Mourtada, F.},
  journal={Phys Med Biol},
  volume={51},
  number={9},
  pages={2253--65},
  year={2006}
}

@book{weinbergwigner,
  title={{The physical theory of neutron chain reactors}},
  author={Weinberg, A.M. and Wigner, E.P.},
  year={1958},
  publisher={University of Chicago Press}
}
@book{weinberg1994fne,
  title={{The First Nuclear Era: The Life and Times of a Technological Fixer}},
  author={Weinberg, A.M.},
  year={1994},
  publisher={Springer}
}
@book{lewismiller,
  title={{Computational Methods of Neutron Transport}},
  author={Lewis, E.E. and Miller, W.F.Jr},
  year={1993},
  publisher={American Nuclear Society, La Grange Park, Il}
}
@article{Ar00Fini,
  title={{The finite element model for the propagation of light in scattering media: A direct method 
for domains with nonscattering regions}},
  author={Arridge, S.R. and Dehghani, H. and Schweiger, M. and Okada, E.},
  journal={Medical Physics},
  volume={27},
  pages={252},
  year={2000}
}
@article{Le05Soun,
  title={{Sound-field modeling in architectural acoustics by a transport theory: Application to street canyons}},
  author={Le Poll{\`e}s, T. and Picaut, J. and Colle, S. and B{\'e}rengier, M. and Bardos, C.},
  journal={Physical Review E},
  volume={72},
  number={4},
  pages={46609},
  year={2005}
}
@article{Lo06Appr,
  title={{An approximate method in transport theory. II}},
  author={Loyalka, SK and Naz, S.},
  journal={Physics of Fluids},
  volume={18},
  pages={117106},
  year={2006}
}
@article{Bo76Init,
  title={{An initial value problem in three-dimensional integral neutron transport theory}},
  author={Boffi, VC and Spiga, G.},
  journal={Transport Theory and Statistical Physics},
  volume={5},
  number={2},
  pages={177--204},
  year={1976}
}

@article{Mo02Time,
 title = "{Time-dependent Onsager equations and perturbation propagation}", 
 author = {{Mostacci}, D. and {Molinari}, V. and {Premuda}, M.},
  journal = {Physica A Statistical Mechanics and its Applications}, 
  year = 2002,
  volume = 316, pages = {213-224}
}
@article{Ma06Norm,
  title={{Normal and anomalous transport across an interface: Monte Carlo and analytical approach}},
  author={Marseguerra, M. and Zoia, A.},
  journal={Annals of Nuclear Energy},
  volume={33},
  number={17-18},
  pages={1396--1407},
  year={2006}
}

@article{La06Over,
  title={{An Overview of Neutron Transport Problems and Simulation Techniques}},
  author={Larsen, E.W.},
  journal={Computational Methods in Transport. Edited by Frank Graziani},
  year={2006},
  publisher={Springer}
}
@article{Do03Doma,
  title={{Domain Decomposition and Load Balancing in the Amtran Neutron Transport Code}},
  author={Compton, J. and Clouse, C.},
  year={2003},
  publisher={UCRL-JC-152231, Lawrence Livermore National Laboratory (LLNL), Livermore, CA}
}

@techreport{Ha67Envi,
  title={{Environmental factors in composite design}}, 
  institution={{Air Force Materials Laboratory, Dayton, OH}},
  author={Halpin, JC and Tsai, SW},
  number={A753603},   abstract={AFML-TR-67-423},
  year={1967}
}
@article{Ch07Shie,
  title={{Shielding analyses of the IFMIF test cell}},
  author={Chen, Y. and Fischer, U. and Simakov, S.P. and Wasastjerna, F.},
  journal={Journal of Nuclear Materials},
  volume={367},
  pages={1580--1585},
  year={2007}
}
@article{Fi06Over,
  title={{Overview of recent progress in IFMIF neutronics}},
  author={Fischer, U. and Chen, Y. and Simakov, S.P. and Wilson, P.P.H. and Vladimirov, P. and Wasastjerna, F.},
  journal={Fusion Engineering and Design},
  volume={81},
  pages={1195--1202},
  year={2006}
}
@phdthesis{Ch05Coup,
  title={{Coupled Monte Carlo-discrete ordinates computational scheme for three-dimensional shielding calculations of large and complex nuclear facilities}},
  author={Chen, Y.},
  abstract={Wissenschaftliche Berichte FZKA 7075},
  year={2005},
  school={Forschungszentrum Karlsruhe}
}
@article{Si05Neut,
  title={{Neutronics and activation characteristics of the international fusion material irradiation facility}},
  author={Simakov, S.P. and Fischer, U. and M{\"o}slang, A. and Vladimirov, P. and Wasastjerna, F. and Wilson, P.P.H.},
  journal={Fusion Engineering and Design},
  volume={75},
  pages={813--817},
  year={2005}
}
@techreport{Si02Inte,
  title={{International fusion material irradiation facility (IFMIF): 
Neutron source term simulation and neutronics analyses of the high flux test module}},
  author={Simakov, S.P. and Fischer, U. and Heinzel, V. and von M{\"o}llendorff, U.},
  number={FZKA 6743},
  year={2002},
  institution={Forschungszentrum Karlsruhe}
}
@techreport{Pa96SCAM,
  title={{SCAMPI: A code package for cross-section processing}},
  author={Parks, C.V. and Petrie, L.M. and Bowman, S.M. and Broadhead, B.L. and Greene, N.M. and White, J.E.},
  year={1996},
  institution={Oak Ridge National Lab., TN (United States)},
  number={CONF-960415--31}
}
@manual{Or95SCAM,
  title={{RSICC Peripheral shielding routine collection SCAMPI: Collection of codes for
manipulating multigroup cross section libraries in AMPX format}},
  year={1996},
  organization={RSICC, Oak Ridge National Lab., TN (United States)},
  abstract={PSR-352}
}
@manual{attusrman,
  title={{Attila User's Manual}},  
  author={McGhee, J.M. and Wareing, T.A. and Barnett, D.A.Jr},
  year={2007},
  organization={Transpire Inc, WA (United States)},
  abstract={Only available to currently licensed users of Attila software}
}

@techreport{Fr02Newc,
  title={{New Computational Tools and Data Libraries for IFMIF Shielding Calculations}},
  author={Frisoni, M. and Cepraga, D.G. and Cambi, G.},
  institution={ENEA Report},
  number={FUS-TN-SA-SE-R-034},
  year={2002}
}
@techreport{Ce03IFMI,
  title={{IFMIF Shielding Calculations}},
  author={Cepraga, D.G. and Frisoni, M. and Cambi, G.},
  institution={ENEA Report},
  number={FUS-TN-SA-SE-R-70},
  year={2003}
}
@techreport{IFMIFDesRep,
  title={{IFMIF Comprehensive Design Report}},
  author={IFMIF International Design Team},
  institution={IAEA},
  year={2003}
}
@book{boyd,
  title={{Chebyshev and Fourier Spectral Methods}},
  author={Boyd, J.P.},
  year={2001},
  publisher={Dover Publications, Mineola, NY},
  note={{http://www-personal.umich.edu/~jpboyd/BOOK\_Spectral2000.html}}
}
@techreport{Wa87Useo,
  title={{Use of the Chebyshev-Legendre quadrature set in discrete-ordinate codes}},
  author={Walters, W.F.},
  abstract={{For proceedings of Computational methods in high temperature physics meeting,
  ordered through NTIS OSTI ID: 5958402; DE88001803}},
  number={LA-UR-87-3621}, institution={Los Alamos National Laboratory},
  year={1987}
}
@inproceedings{Go81Cuba,
  title={{Cubature formulae, polytopes and spherical designs}},
  author={Goethals, J.M. and Seidel, J.J.},
  booktitle={The Geometric Vein: The Coxeter Festschrift},
  editor={C. Davis, B. Grunbaum, and F.A. Sherk},
  pages={203--218},
  publisher={Springer},
  year=1981
}
@book{chandrasekhar,
  title={{Hydrodynamic and hydromagnetic stability}},
  author={Chandrasekhar, S.},
  year={1961},
  publisher={Clarendon Press}
}
@article{itoh2003sth,
  title={{Statistical theory of L-H transition in tokamaks}},
  author={ITOH, S.I. and ITOH, K. and TODA, S.},
  journal={Plasma physics and controlled fusion},
  volume={45},
  number={5},
  pages={823--840},
  year={2003},
  publisher={Institute of Physics}
}
@article{vojtsekhovich1995scd,
  title={{Self-consistent description of L-H mode transition dynamics in tokamaks}},
  author={Vojtsekhovich, IA and Dnestrovskij, A.Y. and Parail, VV},
  journal={Nuclear Fusion},
  volume={35},
  number={6},
  pages={631--640},
  year={1995}
}
@Article{PhysRevLett.67.2485,
  title = {Edge localized mode activity as a limit cycle in tokamak plasmas},
  author = {Itoh, Sanae-I.  and Itoh, Kimitaka  and Fukuyama, Atsushi  and Miura, Yukitoshi },
  journal = {Phys. Rev. Lett.},
  volume = {67},
  number = {18},
  pages = {2485--2488},
  numpages = {3},
  year = {1991},
  month = {Oct},
  doi = {10.1103/PhysRevLett.67.2485},
  publisher = {American Physical Society}
}
@article{toda1996dhh,
  title={{Double hysteresis in L/H transition and compound dithers}},
  author={Toda, S. and Itoh, SI and Yagi, M. and Fukuyama, A. and Itoh, K.},
  journal={Plasma Physics and Controlled Fusion},
  volume={38},
  number={8},
  pages={1337--1341},
  year={1996},
  publisher={Institute of Physics Publishing}
}
@article{bekki2007tcb,
  title={{Temporal chaos in Boussinesq magnetoconvection}},
  author={Bekki, N. and Moriguchi, H.},
  journal={Physics of Plasmas},
  volume={14},
  pages={012306},
  year={2007},
  publisher={AIP}
}
@article{kolesnikov2005btt,
  title={{Bifurcation theory of the transition to collisionless ion-temperature-gradient-driven plasma turbulence}},
  author={Kolesnikov, RA and Krommes, JA},
  journal={Physics of Plasmas},
  volume={12},
  pages={122302},
  year={2005},
  publisher={AIP}
}
@article{connor1998elm,
  title={{Edge-localized modes-physics and theory}},
  author={Connor, JW},
  journal={Plasma Physics and Controlled Fusion},
  volume={40},
  number={5},
  pages={531--542},
  year={1998},
  publisher={Institute of Physics Publishing}
}
@article{wagner1982ric,
  title={{Regime of Improved Confinement and High Beta in Neutral-Beam-Heated Divertor Discharges of the ASDEX Tokamak}},
  author={Wagner, F. and Becker, G. and Behringer, K. and Campbell, D. and Eberhagen, A. and Engelhardt, W. and Fussmann, G. and Gehre, O. and Gernhardt, J. and Gierke, G. and others},
  journal={Physical Review Letters},
  volume={49},
  number={19},
  pages={1408--1412},
  year={1982},
  publisher={APS}
}
@article{Ba05Dyna,
  author={Ball, R.},
  title={Dynamical systems modelling of turbulence-shear flow interactions in magnetized fusion plasmas},
  journal={Journal of Physics: Conference Series Chaotic Transport and Complexity in Fluids and Plasmas},
  volume={7},
  pages={191-202},
  url={http://stacks.iop.org/1742-6596/7/191},
  year={2005},
  abstract={A study of the qualitative structure and stability properties of a unified dynamical model for confinement transitions in fusion plasmas yields substantial new global and predictive information. Physics-based conditions are used to unfold trapped or persistent degenerate singularities in a simple model. Structural characterization of the resulting enhanced model achieves unification of previous disparate views of confinement transition physics, supplies valuable intelligence on the big issues of shear flow suppression of turbulence, multiple equilibria and oscillatory r\'{e}gimes, and suggests targeted experimental design, control and optimization strategies for new-generation fusion experiments.}
}
@ARTICLE{Ec08Open, 
 author = {Eckhardt, B.}, 
 title = "{Turbulence transition in pipe flow: some open questions}",
 journal = {Nonlinearity}, year = 2008,  volume = 21, pages = {T1-T11}
 } 
@article{Sc07Nonm,
  title={{Nonmodal stability theory}},
  author={SCHMID, P.J.},
  journal={Annual review of fluid mechanics},
  volume={39},
  pages={129--162},
  year={2007},
  publisher={Annual Reviews}
}

@article{Ec07Turb,
  title={{Turbulence Transition in Pipe Flow}},
  author={Eckhardt, B. and Schneider, T.M. and Hof, B. and Westerweel, J.},
  journal={Annual Review of Fluid Mechanics},
  volume={39},
  number={1},
  pages={447--468},
  year={2007}
}
@book{siegelhowell,
  title={{Thermal Radiation Heat Transfer, Third Edition}},
  author={Siegel, R. and Howell, J.R.},
  publisher={Taylor \& Francis, Philadelphia, PA},
  year={1992}
}

@article{Pa07Eval,
  title={{Evaluation of a three-dimensional discrete ordinates radiation transport tool for the support of ITER design}},
  author={Pampin, R. and Loughlin, MJ},
  journal={Fusion Engineering and Design},
  volume={82},
  number={15-24},
  pages={2008--2014},
  abstract={{Modelling $40^o$ sector of ITER is almost feasible. Reduction from $175$ to $9$ energy groups found to have minor impact on results and speeded up
calculation by a factor of~$3$. Comparison between Attila and MCNP for LIDAR, simplified geometry, used $35\,000$
elements. 1) Total neutron flux up to $2$\,m from source at equator and at selected 
other points, differences at most 30\%. 2) Energy spectra at entrance and exit of the laser tunnel. Shapes agree
well and discrepancy explained by poor MCNP statistics. 3) Attila is an order of magnitude faster than MCNP.}},
  year={2007}
}

@article{Pa08Radi,
  title={{Radiation transport analyses for design  optimisation of the ITER core LIDAR diagnostic}},
  author={Pampin, R. and et al}, 
  journal={Fusion Science and Technology, to appear},
  year={2008}
}

@techreport{Wa08Thom,
  title={{Thomson scattering (core LIDAR) project}},
  author={Walsh, M. and Balshaw, N. and Kear, M.},
  year={2008},
  institution={UKAEA Fusion},
  number={{EFDA Report No. EFDA06-1450: TW6-TPDS-DIADES}},
  abstract={{Continues Pa07Eval. The paper makes a point about Attila's ability to work easily with CAD. Attila was
used to optimise the shielding of the LIDAR. In the course of this work,
$20$~energy groups and $100\,000$~elements were employed for a comparison between
results from Attila and an analytic model of a dogleg in the shielding. There was also a further comparison between
MCNP and Attila results for the more complicated geometry.}},
}
@techreport{Da08Neut,
  title={{Neutronics analysis of the ITER ICRH antennas}},
  author={Davis, A.},
  year={2008},
  institution={UKAEA Fusion},
  number={{EFDA/06-1397: TW6-TTMN-NAS1}},
  abstract={{Feasibility of Attila for ICRH neutronics, as Wi0Stat also.}}
}

@article{Yo08Neut,
  title={{Neutronics analysis of the international thermonuclear experimental reactor 
(ITER) MCNP `Benchmark CAD Model' with the ATTILA discrete ordinates code}},
  author={Youssef, M.Z. and Feder, R. and Davis, I.M.},
  journal={Fusion Engineering and Design},
  volume={{to appear}},
  abstract={{This paper treated together with Wi08Stat. In this paper we report such comparison to the results of the CAD-based MCNP developed at the
University of Wisconsin for selected nuclear responses, namely the neutron wall load as a function of poloidal angle,
neutron fluxes and heating rates at three points in the divertor, and the flux in the dummy shield blanket modules and dummy
shield layers placed at the equatorial port. It is shown that ATTILAs results are within
2530% of the MCNP results.}},
  year={2008}
}
@article{Wi08Stat,
  title={State-of-the-art 3-D radiation transport methods for fusion energy systems},
  author={Wilson, P.P.H. and Feder, R. and Fischer, U. and Loughlin, M. and Petrizzi, L. and Wu, Y. and Youssef, M.},
  journal={Fusion Engineering and Design},
  volume={83},
  number={7},
  pages={824--833},
  year={2008}
}
@article{Wi08Stat+abst,
  title={{State-of-the-art 3-D radiation transport methods for fusion energy systems}},
  author={Wilson, P.P.H. and Feder, R. and Fischer, U. and Loughlin, M. and Petrizzi, L. and Wu, Y. and Youssef, M.},
  journal={Fusion Engineering and Design},
  volume={{to appear}},
  abstract={{One test problem involved the calculation of fewgroup neutron
fluxes through the equatorial port plugs and shield and into the
void space behind the shield.The Attila results (UCLA/PPPL)
are systematically lower than the others and this may be indicative
of the challenges inherent in this type of problem for a discrete
ordinates approach. Because the discrete ordinates approach transports
radiation down specific discrete angles in the phase space of
the problem, it is difficult to get accurate answers for problems
that involve streaming through narrow ducts unless higher-order
discrete angular direction sets are used. 
For ITER, because could treat CAD easily, Attila was used to determine the neutron transport through the
shielding and around the RF straps.}},
  year={2008}
}
@techreport{ukaeafus549,
  author={{Pampin, R. and Davis, A.}},
  title={{Novel Tools for Estimation of Activation Dose: Description, Preliminary
Comparison and Nuclear Data Requirements}},
  institution={UKAEA},
  number={UKAEA FUS 549},
  abstract={{This compares the commercially available ATTILA ASG (ACTIVATION SOURCE GENERATOR) with
the Culham produced MC-R2S suite. ATTILA ASG uses the the rigorous-two-step (R2S) formalism and FORNAX
transmutation module. MC-R2S consists of UNIX script and FORTRAN routines coupling MCNP and FISPACT to
perform the two transport and one activation calculations in the R2S method. The test problem is essentially 1D, and
ITER-like irradiation conditions are employed. Despite differences in input nuclear data and
output isotopic and photon production, activation dose results at several decay times and two
different locations are within 15% of each other.}},
  year={2008}
}
@book{luxkoblinger,
  title={{Monte Carlo Particle Transport Methods: Neutron and Photon Calculations}},
  author={Lux, I. and Koblinger, L.},
  publisher={CRC Press, Boca Raton},
  year={1991}
}
@book{cartercashwell,
  title={{Particle-transport simulation with the Monte Carlo method}},
  author={Carter, L.L. and Cashwell, E.D.},
  year={1975},
  number={TID--26607},
  institution={U.S. Energy Research and Development Administration},
  note={Book shelved at F CAR}
}
@article{Ha71Nume,
  title={{A numerical fluid dynamics calculation method for all flow speeds}},
  author={Harlow, F.H. and Amsden, A.A.},
  journal={Journal of Computational Physics},
  volume={8},
  number={2},
  pages={197--213},
  year={1971}
}

@article{Is83Opti,
  title={{The optimal accuracy of difference schemes}},
  author={Iserles, A. and Strang, G.},
  journal={Transactions of the American Mathematical Society},
  pages={779--803},
  year={1983}
}
@article{Aw09Spli,
  title={{A Splitting Iterative Method for Solving the Neutron Transport Equation}},
  author={Awono, O. and Tagoudjeu, J.},
  journal={Mathematical Modelling and Analysis},
  volume={14},
  number={3},
  pages={271--289},
  year={2009}
}
@book{yanenko,
  title={{The method of fractional steps}},
  author={Yanenko, N.N.},
  year={1971},
  publisher={Springer-Verlag Berlin}
}
@article{Sw00Gene,
  title={{Generalized discrete spherical harmonic transforms}},
  author={Swarztrauber, P.N. and Spotz, W.F.},
  journal={Journal of Computational Physics},
  volume={159},
  number={2},
  pages={213--230},
  year={2000}
}
