@article{Br21Asse,
  title={{Assessment of plasma power deposition on the ITER ICRH antennas}},
  author={Brank, M. and Pitts, R.A. and Simi{\v{c}}, G. and Lamalle, P. and Kocan, M. and K{\"o}chl, F. and Gribov, Y. and Polli, V. and Kos, L.},
  journal={Nuclear Materials and Energy},
  volume={27},
  pages={101021},
  year={2021}
}
@inproceedings{Co14Eule,
  title={An Eulerian Vlasov code for plasma-wall interactions},
  author={Coulette, D. and Manfredi, G.},
  booktitle={Journal of Physics: Conference Series},
  volume={561},
  number={1},
  pages={012005},
  year={2014}
}
@article{Co16Kine,
  author={Coulette, D. and Manfredi, G.},
  title = {Kinetic simulations of the Chodura and Debye sheaths for magnetic fields with grazing incidence},
  journal = {Plasma Physics and Controlled Fusion},
  volume = {58},
  number = {2},
  pages = {025008},
  url = {https://doi.org/10.1088/0741-3335/58/2/025008},
  year = 2016
}
@article{Fa15Wave,
  author={Farge, M. and Schneider, K.},
  title={Wavelet transforms and their applications to MHD and plasma turbulence: a review},
  volume={81},
  number={6},
  journal={Journal of Plasma Physics},
  year={2015},
  pages={435810602}
}
@BOOK{clermanspector,
  TITLE="{Modern Fortran. Style and Usage}",
  AUTHOR={Clerman, N.S. and Spector, W.},
  publisher={Cambridge University Press},
  YEAR = 2012,
}
@article{Ch74Stan,
  title={{OLYMPUS a standard control and utility package for initial-value FORTRAN programs}},
  author={Christiansen, J.P. and Roberts, K.V.},
  journal={Computer Physics Communications},
  volume={7},
  number={5},
  pages={245--270},
  year={1974}
}
@book{violeau,
  title={Fluid mechanics and the SPH method: theory and applications},
  author={Violeau, D.},
  year={2012},
  publisher={Oxford University Press}
}
@phdthesis{braams,
  author={Braams, B.J.},
  title={{Computational studies in tokamak equilibrium and transport}},
  school={Rijksuniversiteit Utrecht, Netherlands},
  year={1986}
}
@BOOK{patankar,
TITLE="{Numerical heat transfer and fluid flow}",
AUTHOR={Patankar, S.V.},
PUBLISHER ={Hemisphere Publishing},ADDRESS = {Washington},
YEAR = 1980,
}
@article{Bu20Guid,
  title={Guiding center dynamics as motion on a formal slow manifold in loop space},
  author={Burby, J.W.},
  journal={Journal of Mathematical Physics},
  volume={61},
  number={1},
  pages={012703},
  year={2020}
}
@techreport{Ha19filt,
  title={{A filtered Boris algorithm for charged-particle dynamics in a strong magnetic field}},
  author={Hairer, E. and Lubich, C. and Wang, B.},
  institution={arXiv preprint arXiv:1907.07452},
  note={\url{https://arxiv.org/pdf/1907.07452.pdf}},
  year={2019}
}
@techreport{Ak18High,
  title={{High fidelity simulations of fast ion power flux driven by 3D field perturbations on ITER}},
  author={Akers, R. and Colling, B. and Hess, J. and Liu, Y. and Turner, A. and {\"A}k{\"a}slompolo, S. and Varje, J. and S{\"a}rkim{\"a}ki, K. and Pinches, S.D. and Singh, M.},
  institution={{IAEA}},
  number={{IAEA-CN--234}},
  note={\url{https://nucleus.iaea.org/sites/fusionportal/Share\ 20Documents/FEC\ 202016/fec2016-preprints}},
  year={2018}
}
@phdthesis{ameres,
  title={{Stochastic and Spectral Particle Methods for Plasma Physics}},
  author={Ameres, J.},
  school={Technical University of Munich},
  year=2018,
  note={\url{https://mediatum.ub.tum.de/?id=1395335}}
}
@book{gregory,
  title={{Game engine architecture 3rd Ed.}},
  author={Gregory, J.},
  year={2017},
  publisher={AK Peters/CRC Press}
}
@book{visseretal,
  title={{Building Maintainable Software, C\# Edition: Ten Guidelines for Future-Proof Code}},
  author={Visser, J. and Rigal, S. and Wijnholds, G. and van Eck, P. and van der Leek, R.},
  year={2016},
  publisher={" O'Reilly Media, Inc."}
}
@book{hewitt,
  title={Semantic Software Design: A New Theory and Practical Guide for Modern Architects},
  author={Hewitt, E.},
  year={2019},
  publisher={O'Reilly Media}
}
@book{fenner,
  title={Machine Learning with Python for Everyone},
  author={Fenner, M.},
  year={2019},
  publisher={Addison-Wesley Professional}
}
@article{Co19BLUE,
  title={BLUEPRINT: A novel approach to fusion reactor design},
  author={Coleman, M. and McIntosh, S.},
  journal={Fusion Engineering and Design},
  volume={139},
  pages={26--38},
  year={2019}
}
@article{Tu18Curv,
  title={Curvilinear mesh generation using a variational framework},
  author={Turner, M. and Peir{\'o}, J. and Moxey, D.},
  journal={Computer-Aided Design},
  volume={103},
  pages={73--91},
  year={2018},
  note={\url{https://doi.org/10.1016/j.cad.2017.10.004}}
}
@article{De17Asym,
  title={Asymptotic-preserving methods and multiscale models for plasma physics},
  author={Degond, P. and Deluzet, F.},
  journal={Journal of Computational Physics},
  volume={336},
  pages={429--457},
  year={2017}
}
@book{pavliotisstuart,
  title={{Multiscale Methods Averaging and Homogenization}},
  author={Pavliotis, G.A. and Stuart, A.M.},
  year={2008},
  publisher={Springer}
}
@article{Hu83OLYM,
  title={{OLYMPUS conventions}},
  author={Hughes, M.H. and Roberts, K.V.},
  journal={Computer Physics Communications},
  volume={29},
  number={1},
  pages={15--43},
  year={1983}
}
@article{Hu83gene,
  title={{The OLYMPUS FORTRAN generator}},
  author={Hughes, M.H. and Roberts, K.V.},
  journal={Computer Physics Communications},
  volume={29},
  number={1},
  pages={59--71},
  year={1983}
}
@article{Hu83comp,
  title={{The OLYMPUS FORTRAN compositor}},
  author={Hughes, M.H. and Roberts, K.V.},
  journal={Computer Physics Communications},
  volume={29},
  number={1},
  pages={45--57},
  year={1983}
}
@article{Kn84Lite,
  title={Literate programming},
  author={Knuth, D.E.},
  journal={The Computer Journal},
  volume={27},
  number={2},
  pages={97--111},
  year={1984}
}
@misc{elmer,
  title={{ELMER}},
  institution={{CSC - IT Center for Science}},
  note={\url{http://www.csc.fi/elmer}}
}
@article{Ni68Rayl,
  title={{The Rayleigh-Jeffreys problem with boundary slab of finite conductivity}},
  author={Nield, D.A.},
  journal={Journal of Fluid Mechanics},
  volume={32},
  number={2},
  pages={393--398},
  year={1968},
  note={\url{https://doi.org/10.1017/S0022112068000790}}
}
@book{cercignani,
  title={{Theory and application of the Boltzmann Equation}},
  author={Cercignani, C.},
  year={1975},
  publisher={Scottish Academic}
}
@article{Ta13Deve,
  title={{Development of a Consistent and Stable Fully Implicit Moment Method for Vlasov--Amp{\`e}re Particle in Cell (PIC) System}},
  author={Taitano, W.T. and Knoll, D.A. and Chac{\'o}n, L. and Chen, G.},
  journal={SIAM Journal on Scientific Computing},
  volume={35},
  number={5},
  pages={S126--S149},
  year={2013}
}
@article{Nu08Mana,
  title={Managing dynamic entities in mobile, urban virtual environments},
  author={Nurminen, A.},
  journal={Journal of WSCG},
  volume={16},
  number={1-3},
  pages={113--120},
  year={2008},
  note={\url{http://wscg.zcu.cz/JWSCG/}}
}
@article{Si17Miti,
  title={{Mitigation of divertor heat loads by strike point sweeping in high power JET discharges}},
  author={Silburn, S.A. and Matthews, G.F. and Challis, C.D. and Frigione, D. and Graves, J.P. and Mantsinen, M.J. and Belonohy, E. and Hobirk, J. and Iglesias, D. and Keeling, D.L. and others},
  journal={Physica Scripta},
  volume={2017},
  number={T170},
  pages={014040},
  year={2017}
}
@book{fletcher,
  title={Computational techniques for fluid dynamics Vols 1 \& 2},
  author={Fletcher, C.A.},
  year={1988},
  publisher={Springer-Verlag}
}
@book{wileyencyclopedia,
  editor={Stein, E. and de Borst, R. and Hughes, T.J.R.},
  title={Encyclopedia of Computational Mechanics, Second Edition},
  year={2017},
  publisher={Wiley Online Library}
}
@techreport{bhojwani,
  author={Bhojwani, M.},
  title={{Simulating edge localised modes within Tokamak plasmas using hp/spectral finite elements in Nektar++}},
  year={2015},
  institution={{Imperial College London, Department of Aeronautics}}
}
@article{Ai09Disp,
  title={Dispersive and dissipative behavior of the spectral element method},
  author={Ainsworth, M. and Wajid, H.A.},
  journal={SIAM Journal on Numerical Analysis},
  volume={47},
  number={5},
  pages={3910--3937},
  year={2009},
  note={\url{http://dx.doi.org/10.1137/080724976}}
}
@misc{Ne17reex,
  title={A re-examination of filter-based stabilization for spectral-element methods},
  author={Negi, P.S. and Schlatter, P. and Henningson, D.S.},
  year={2017},
  note={\url{http://www.diva-portal.org/smash/record.jsf?pid=diva2\%3A1158465\&dswid=1874}}
}
@article{Pa16mime,
  title={{A mimetic spectral element solver for the Grad--Shafranov equation}},
  author={Palha, A. and Koren, B. and Felici, F.},
  journal={Journal of Computational Physics},
  volume={316},
  pages={63--93},
  year={2016},
  note={\url{http://dx.doi.org/10.1016/j.jcp.2016.04.002}}
}
@article{Ho14Solv,
  title={{Solving the Grad--Shafranov equation with spectral elements}},
  author={Howell, E.C. and Sovinec, C.R.},
  journal={Computer Physics Communications},
  volume={185},
  number={5},
  pages={1415--1421},
  year={2014},
  note={\url{http://dx.doi.org/10.1016/j.cpc.2014.02.008}}
}
@techreport{rdmap,
  author={{Eurofusion}},
  title={{European Research Roadmap to the Realisation of Fusion Energy}},
  year={2018},
  number={{SOFT 2018 Version}},
  note={\url{https://www.euro-fusion.org/fileadmin/user\_upload/ EUROfusion/Documents/2018\_Research\_roadmap\_long\_version.pdf}},
  institution={{Eurofusion}}
}
@techreport{iterrp,
  author={{Iter Organisation}},
  title={{ITER Research Plan within the Staged Approach}},
  year={2018},
  number={{ITR-18-003}},
  note={\url{https://www.iter.org/doc/www/content/com/Lists/ ITER\%20Technical\%20Reports/Attachments/9/ITER-Research-Plan\_final\_ITR\_FINAL-Cover\_High-Res.pdf}},
  institution={{Iter Organisation}}
}
@book{pozrikidis,
  title={{Introduction to finite and spectral element methods using MATLAB}},
  author={Pozrikidis, C.},
  year={2005},
  publisher={CRC Press}
}
@article{Tu17fram,
  title={{A framework for the generation of high-order curvilinear hybrid meshes for CFD simulations}},
  author={Turner, M. and Moxey, D. and Peir{\'o}, J. and Gammon, M. and Pollard, C.R. and Bucklow, H.},
  journal={Procedia Engineering},
  volume={203},
  pages={206--218},
  note={\url{http://dx.doi.org/10.1016/j.proeng.2017.09.808}},
  year={2017}
}
@book{cormenetal,
  title={{Introduction to Algorithms}},
  author={Cormen, T.H. and Leiserson, C.E. and Rivest, R.L. and Stein, C.},
  publisher={MIT Press},
  year={2009}
}
@book{brooks,
  title={{The Mythical Man-Month, Anniversary Ed.}},
  author={Brooks, F.P},
  publisher={Addison-Wesley},
  year={1995}
}
@article{Me10Spec,
  title={Spectral element spatial discretization error in solving highly anisotropic heat conduction equation},
  author={Meier, E.T. and Lukin, V.S. and Shumlak, U.},
  journal={Computer Physics Communications},
  volume={181},
  number={5},
  pages={837--841},
  year={2010},
  note={\url{https://doi.org/10.1016/j.cpc.2009.12.018}}
}
@article{El65Lami,
  title={{Laminar free convection in a vertical slot}},
  author={Elder, J.W.},
  journal={Journal of Fluid Mechanics},
  volume={23},
  number={1},
  pages={77--98},
  year={1965},
  note={\url{https://doi.org/10.1017/S0022112065001246}}
}
@article{El65Turb,
  title={{Turbulent free convection in a vertical slot}},
  author={Elder, J.W.},
  journal={Journal of Fluid Mechanics},
  volume={23},
  number={1},
  pages={99--111},
  year={1965},
  note={\url{https://doi.org/10.1017/S0022112065001258}}
}
@article{Ki10Eddy,
  title={{Eddy current induced electromagnetic loads on shield blankets during plasma disruptions in ITER: A benchmark exercise}},
  author={Kim, D.-H. and Oh, D.-K. and Pak, S. and Jhang, H. and Lee, J. and Rozov, V.},
  journal={Fusion Engineering and Design},
  volume={85},
  number={10-12},
  pages={1747--1758},
  year={2010},
  note={\url{https://doi.org/10.1016/j.fusengdes.2010.05.032}}
}
@article{St18Redu,
  title={{Reduction of asymmetric wall force in ITER disruptions with fast current quench}},
  author={Strauss, H.},
  journal={Physics of Plasmas},
  volume={25},
  number={2},
  pages={020702},
  year={2018},
  note={\url{https://doi.org/10.1063/1.5008813}}
}
@article{Bo12Infl,
  title={Influence of reference-to-physical frame mappings on approximation properties of discontinuous piecewise polynomial spaces},
  author={Botti, L.},
  journal={Journal of Scientific Computing},
  volume={52},
  number={3},
  pages={675--703},
  year={2012},
  note={\url{http://dx.doi.org/10.1007/s10915-011-9566-3}}
}
@article{Ab15Blan,
  title={{Blanket/first wall challenges and required R\&D on the pathway to DEMO}},
  author={Abdou, M. and Morley, N.B. and Smolentsev, S. and Ying, A. and Malang, S. and Rowcliffe, A. and Ulrickson, M.},
  journal={Fusion Engineering and Design},
  volume={100},
  pages={2--43},
  year={2015},
  note={\url{http://dx.doi.org/10.1016/j.fusengdes.2015.07.021}}
}
@article{Gi12Over,
  title={{Overview of the ITER TBM Program}},
  author={Giancarli, L.M. and Abdou, M. and Campbell, D.J. and Chuyanov, V.A. and Ahn, M.Y. and Enoeda, M. and Pan, C. and Poitevin, Y. and Kumar, E. Rajendra. and Ricapito, I. and others},
  journal={Fusion Engineering and Design},
  volume={87},
  number={5-6},
  pages={395--402},
  year={2012},
  note={\url{http://dx.doi.org/10.1016/j.fusengdes.2011.11.005}}
}
@article{Ri05Time,
  title={{Timescale and magnitude of plasma thermal energy loss before and during disruptions in JET}},
  author={Riccardo, V. and Loarte, A. and others},
  journal={Nuclear fusion},
  volume={45},
  number={11},
  pages={1427},
  year={2005},
  note={\url{http://iopscience.iop.org/0029-5515/45/11/025}}
}
@article{Hu11Radi,
  title={{Radiation loads onto plasma-facing components of JET during transient events--Experimental results and implications for ITER}},
  author={Huber, A. and Arnoux, G. and Beurskens, M.N.A. and Bozhenkov, S.A. and Brezinsek, S. and Eich, T. and Fuchs, C. and Fundamenski, W. and Jachmich, S. and Kruezi, U. and others},
  journal={Journal of nuclear materials},
  volume={415},
  number={1},
  pages={S821--S827},
  year={2011},
  note={\url{https://doi.org/10.1016/j.jnucmat.2010.10.061}}
}
@book{pwsmith,
  title={{Transient electronics: pulsed circuit technology}},
  author={Smith, P.W.},
  year={2011},
  publisher={John Wiley \& Sons}
}
@phdthesis{nicholas,
  title={{Heat Transfer for Fusion Power Plant Divertors}},
  author={Nicholas, J.R.},
  school={University of Oxford},
  year=2017,
  note={\url{https://ora.ox.ac.uk/objects/uuid:efedf39b-401b-418f-b510-386a512314a8}}
}
@article{Gu17Ther,
  title={{Thermo-fluid-dynamics of natural convection around a heated vertical plate with a critical assessment of the standard similarity theory}},
  author={Guha, A. and Nayek, S.},
  journal={Physics of Fluids},
  volume={29},
  number={10},
  pages={103607},
  year={2017},
  note={\url{https://doi.org/10.1063/1.4990279}}
}
@article{Ng15Vert,
  title={{Vertical natural convection: application of the unifying theory of thermal convection}},
  author={Ng, C. Shen and Ooi, A. and Lohse, D. and Chung, D.},
  journal={Journal of fluid mechanics},
  volume={764},
  pages={349--361},
  year={2015},
  note={\url{https://doi.org/10.1017/jfm.2014.712}}
}
@article{Ji18Cont,
  title={{Controlling heat transport and flow structures in thermal turbulence using ratchet surfaces}},
  author={Jiang, H. and Zhu, X. and Mathai, V. and Verzicco, R. and Lohse, D. and Sun, C.},
  journal={Physical review letters},
  volume={120},
  number={4},
  pages={044501},
  year={2018},
  note={\url{https://doi.org/10.1103/PhysRevLett.120.04450}}
}
@article{Gr17Curv,
  title={{Curvature effects on the velocity profile in turbulent pipe flow}},
  author={Grossmann, S. and Lohse, D.},
  journal={The European Physical Journal E},
  volume={40},
  number={2},
  pages={16},
  year={2017},
  note={\url{https://doi.org/10.1140/epje/i2017-11504-x}}
}
@misc{smythe,
  title={{Static and Dynamic Electricity}},
  author={Smythe, W.R.},
  year={1950},
  publisher={McGraw-Hill}
}

@article{Ba18Crit,
  title={{Critical Design Issues in DEMO and Solution Strategies}},
  author={Bachmann, C.  and  Ciattaglia, S. and  Cismondi, F. and  Federici, G. and  Keech, G. and  Maviglia, F. and  Siccinio, M.},
  journal={{Paper presented at SOFT 2018}},
  year={2018}
}
@book{vargaftik,
  title={Handbook of physical properties of liquids and gases--pure substances and mixtures},
  author={Vargaftik, N.B.},
  year={1975},
  note = {{https://www.osti.gov/biblio/5527393}},
  publisher={Hemisphere Publishing Corporation, New York, NY} 
}
@article{Bu09Homo,
  title={Homologous onset of double layer convection},
  author={Busse, F.H. and Petry, M.},
  journal={Physical Review E},
  volume={80},
  number={4},
  pages={046316},
  year={2009}
}
@article{Na17vari,
  title={{A variational Hdiv finite-element discretization approach for perfect incompressible fluids}},
  author={Natale, A. and Cotter, C.J.},
  journal={IMA Journal of Numerical Analysis},
  volume={{online, to appear}},
  year={2017}
}
@article{He12Full,
  title={{Fully discrete semi-Lagrangian methods for advection of differential forms}},
  author={Heumann, H. and Hiptmair, R. and Li, K. and Xu, J.},
  journal={BIT Numerical Mathematics},
  volume={52},
  number={4},
  pages={981--1007},
  year={2012}
}
@book{webb,
  title={{Magnetohydrodynamics and Fluid Dynamics: Action Principles and Conservation Laws}},
  author={Webb, G.},
  year={2018},
  publisher={Springer}
}
@article{Ka04Cano,
  title={Canonical description of ideal magnetohydrodynamic flows and integrals of motion},
  author={Kats, A.V.},
  journal={Physical Review E},
  volume={69},
  number={4},
  pages={046303},
  year={2004}
}
@article{Zh14Vari,
  title={Variational integration for ideal magnetohydrodynamics with built-in advection equations},
  author={Zhou, Y. and Qin, H. and Burby, J.W. and Bhattacharjee, A.},
  journal={Physics of Plasmas},
  volume={21},
  number={10},
  pages={102109},
  year={2014}
}
@article{Ne62Lagr,
  title={{Lagrangian and Hamiltonian Methods in Magnetohydrodynamics}},
  author={Newcomb, W.A.},
  journal={Nuclear Fusion Supplement},
  volume={2},
  pages={451},
  year={1962}
}
@article{La03prac,
  title={{A practical form of Lagrange--Hamilton theory for ideal fluids and plasmas}},
  author={Larsson, J.},
  journal={Journal of Plasma Physics},
  volume={69},
  number={3},
  pages={211--252},
  year={2003}
}
@article{Ha13flux,
  title={A flux-coordinate independent field-aligned approach to plasma turbulence simulations},
  author={Hariri, F. and Ottaviani, M},
  journal={Computer Physics Communications},
  volume={184},
  number={11},
  pages={2419--2429},
  year={2013}
}
@article{Ea86Part,
  title={Particle simulation methods in plasma physics},
  author={Eastwood, J.W.},
  journal={Computer Physics Communications},
  volume={43},
  number={1},
  pages={89--106},
  year={1986}
}
@article{Ea87stab,
  title={{The stability and accuracy of EPIC algorithms}},
  author={Eastwood, J.W.},
  journal={Computer Physics Communications},
  volume={44},
  number={1-2},
  pages={73--82},
  year={1987}
}
@ARTICLE{Rh83Nume,
    AUTHOR = {Rhie, C.M. and Chow, W.L.},
    TITLE = {Numerical Study of the Turbulent Flow Past an Airfoil with Trailing Edge Separation},
    JOURNAL = {AIAA Journal},
    VOLUME = 21,
    NUMBER = 11, PAGES = {1525-1532},
    YEAR =1983}
 
@article{Ya16Vert,
  title={{Vertically bounded double diffusive convection in the finger regime: Comparing no-slip versus free-slip boundary conditions}},
  author={Yang, Y. and Verzicco, R. and Lohse, D.},
  journal={{Physical Review Letters}},
  volume={117},
  number={18},
  pages={184501},
  year={2016}
}
@phdthesis{easythesis,
  title={{Three Dimensional Simulations of Scrape-Off Layer Filaments}},
  author={Easy, L.},
  year={2016},
  school={University of York}
}
@article{Gr00Scal,
  title={Scaling in thermal convection: a unifying theory},
  author={Grossmann, S. and Lohse, D.},
  journal={Journal of Fluid Mechanics},
  volume={407},
  pages={27--56},
  year={2000}
}
@book{radko,
  title={Double-diffusive convection},
  author={Radko, T.},
  year={2013},
  publisher={Cambridge University Press}
}
@article{Pa66Reco,
  author={Parker, R.L.},
  title = {Reconnexion of lines of force in rotating spheres and cylinders},
  volume = {291},
  number = {1424},
  pages = {60--72},
  year = {1966},
  eprint = {http://rspa.royalsocietypublishing.org/content/291/1424/60.full.pdf},
  journal = {Proceedings of the Royal Society of London A: Mathematical, Physical and Engineering Sciences}
}
@article{Be72tabl,
  title={{A table of solutions of the one-dimensional Burgers equation}},
  author={Benton, E.R. and Platzman, G.W.},
  journal={Quarterly of Applied Mathematics},
  volume={30},
  number={2},
  pages={195--212},
  year={1972}
}
@book{kornbluth,
  title={{The Marching Morons}},
  author={Kornbluth, C.M.},
  year={{2016 reprint of 1959 original}},
  publisher={Positronic}
}
@article{Ge78wake,
  title={{The wakes of cylindrical bluff bodies at low Reynolds number}},
  author={Gerrard, J.H.},
  journal={Phil. Trans. R. Soc. Lond. A},
  volume={288},
  number={1354},
  pages={351--382},
  year={1978}
}
@article{Ch03Yeta,
  title={Yet another elastic plane-wave, layer-matrix algorithm},
  author={Chapman, CH},
  journal={Geophysical Journal International},
  volume={154},
  number={1},
  pages={212--223},
  year={2003}
}
@article{Fi13Mode,
  title={{Modelling of power deposition on the JET ITER like wall using the code PFCFLux}},
  author={Firdaouss, M. and Riccardo, V. and Martin, V. and Arnoux, G. and Reux, C. and JET-EFDA Contributors},
  journal={Journal of Nuclear Materials},
  volume={438},
  pages={S536--S539},
  year={2013}
}
@article{Ro69publ,
  title={{The publication of scientific Fortran programs}},
  author={Roberts, K.V.},
  journal={Computer Physics Communications},
  volume={1},
  number={1},
  pages={1--9},
  year={1969}
}
@book{pharrhumphreys,
  title={{Physically Based Rendering From Theory to Implementation. Second Edition}},
  author={Pharr, M. and Humphreys, G.},
  year={2010},
  publisher={Morgan Kaufmann}
}
@book{pharrhumphreys3,
  title={{Physically Based Rendering From Theory to Implementation. Third Edition}},
  author={Pharr, M. and Jakob, W. and Humphreys, G.},
  year={2017},
  publisher={Morgan Kaufmann}
}
@article{Ko14PROC,
  title={{``PROCESS'': A systems code for fusion power plants-Part 1: Physics}},
  author={Kovari, M. and Kemp, R. and Lux, H. and Knight, P. and Morris, J. and Ward, D.J.},
  journal={Fusion Engineering and Design},
  volume={89},
  number={12},
  pages={3054--3069},
  year={2014}
}
@article{Ko16PROC,
  title={{``PROCESS'': A systems code for fusion power plants-Part 2: Engineering}},
  author={Kovari, M. and Fox, F. and Harrington, C. and Kembleton, R. and Knight, P. and Lux, H. and Morris, J.},
  journal={Fusion Engineering and Design},
  volume={104},
  pages={9--20},
  year={2016}
}
@article{Di16Coup,
  title={Coupling between a multi-physics workflow engine and an optimization framework},
  author={Di Gallo, L. and Reux, C. and Imbeaux, F. and Artaud, J.-F. and Owsiak, M. and Saoutic, B. and
Aiello, G. and Bernardi, P. and Ciraolo, G. and Bucalossi, J. and others},
  journal={Computer Physics Communications},
  volume={200},
  pages={76--86},
  year={2016}
}
@article{Co16EUap,
  title={{On the EU approach for DEMO architecture exploration and dealing with uncertainties}},
  author={Coleman, M. and Maviglia, F. and Bachmann, C. and Anthony, J. and Federici, G. and Shannon, M. and Wenninger, R.},
  journal={Fusion Engineering and Design},
  volume={109},
  pages={1158--1162},
  year={2016}
}
@article{Bo94Pseu,
  title={The pseudospectrum of the resistive magnetohydrodynamics operator: resolving the resistive Alfv{\'e}n paradox},
  author={Borba, D. and Riedel, K.S. and Kerner, W. and Huysmans, G.T.A. and Ottaviani, M. and Schmid, P.J.},
  journal={Physics of plasmas},
  volume={1},
  number={10},
  pages={3151--3160},
  year={1994}
}
@article{Re94Pseu,
  title={Pseudospectra of the convection-diffusion operator},
  author={Reddy, S.C. and Trefethen, L.N.},
  journal={SIAM Journal on Applied Mathematics},
  volume={54},
  number={6},
  pages={1634--1649},
  year={1994}
}
@techreport{ansifortran,
  author={{ANSI X3.9-1978}},
  title={{American National Standard programming language FORTRAN}},
  year={1978},
  number={{ISO 1539-1980(E)}},
  institution={American National Standards Institute}
}
@article{St13Twof,
  title={Two-fluid simulations of driven reconnection in the mega-ampere spherical tokamak},
  author={Stanier, A. and Browning, P. and Gordovskyy, M. and McClements, K.G. and Gryaznevich, M.P. and Lukin, V.S.},
  journal={Physics of Plasmas},
  volume={20},
  number={12},
  pages={122302},
  year={2013},
  note={\url{https://doi.org/10.1063/1.4830104}}
}
@book{book:NR,
  author = {William H. Press and Brian P. Flannery and Saul
                  A. Teukolsky and William T. Vetterling},
  title = {Numerical Recipes in C},
  publisher = {Cambridge University Press},
  address = {Cambridge},
  year = {1988},
  pages = {735}
}
@inproceedings{Ea93Comp,
  title={Computational plasma physics},
  author={Eastwood, J.W.},
  booktitle={Plasma physics: an introductory course},
  editor={Dendy, R.O.},
  publisher={Cambridge University Press},
  pages={167--187},
  year={1993}
}
@article{Re15phys,
  title={The physics of Martian weather and climate: a review},
  author={Read, P.L. and Lewis, S.R. and Mulholland, D.P.},
  journal={Reports on Progress in Physics},
  volume={78},
  number={12},
  pages={125901},
  year={2015}
}
@article{Ma14High,
  title={High-resolution coupled physics solvers for analysing fine-scale nuclear reactor design problems},
  author={Mahadevan, V.S. and Merzari, E. and Tautges, T. and Jain, R. and Obabko, A. and Smith, M. and Fischer, P},
  journal={Philosophical Transactions of the Royal Society of London Series A},
  volume={372},
  pages={20130381--20130381},
  year={2014}
}
@techreport{us15sim,
  author={Bonoli, P. and  McInnes, L.C.},
  title={ Report of the workshop on integrated simulations for magnetic fusion energy sciences (2015)},
  note={{ https://www.burningplasma.org/resources/ref/Workshops2015/IS/ISFusionWorkshopReport.11.12.2015.pdf}},
  year={2015},
  institution={US DoE Office of Science}
}
@inproceedings{Vo17Rece,
  title={Recent EUROfusion achievements in support to computationally demanding multi-scale fusion physics simulations and integrated modelling},
  author={Voitsekhovitch, I. and Hatzky, R. and Coster, D. and Imbeaux, F. and McDonald, D.C. and Feh{\'e}r, T.B. and Kang, K.S. and Leggate, H. and Martone, M. and Mochalskyy, S. and others},
  booktitle={26th IAEA Fusion Energy Conference (FEC 2016)},
  year={2017}
}
@techreport{roadmap,
  author={Eurofusion},
  title={{Workplan for the Implementation of the Fusion Roadmap}},
  institution={{Eurofusion}},
  year={{Draft 07/10/2013}}
}
@book{lawstuartzygalakis,
  title={Data assimilation: a mathematical introduction},
  author={Law, Kody and Stuart, Andrew and Zygalakis, Konstantinos},
  volume={62},
  year={2015},
  publisher={Springer}
}
@book{corneylim,
  title={{3D Modeling with ACIS}},
  author={Corney, J. and Lim, T.},
  year={2001},
  publisher={Saxe-Coburg, Stirling}
}
@techreport{hansen,
  author={Hansen, N.},
  title={{CMA-ES, Covariance Matrix Adaptation Evolution Strategy for
non-linear numerical optimization in Python. Version 1.1.7. 2008-2014.}},
  institution={{https://pypi.python.org/pypi/cma}},
  year={{Visited on 07/07/2017}}
}
@article{Ro17Deri,
  author={Cartis, C. and Roberts, L.},
  title={{A Derivative-Free Gauss-Newton Method}},
  ournal={Technical Report, University of Oxford, arXiv:1710.11005},
  year={2017}
}
@article{Ro17Deri2,
  author={Roberts, L. and Cartis, C. and Fiala, J. and Marteau, B.},
  title={{A Derivative-Free Solver for Least-Squares Problems}},
  journal={To appear},
  year={2017}
}
@techreport{Ana-CCFE-TR,
  author={Osojnik, A.},
  title={Techniques for initialising simple data assimilation calculations for plasma models},
  institution={Technical Report, InFoMM CDT, University of Oxford},
  year={2017}
}
@book{gpugems2,
  title={{GPU Gems 2}},
  editor={NVIDIA},
  year={2005},
  publisher={NVIDIA Corp}
}
@article{Co15Heat,
  title={Heat flux distribution and gyro-radius smoothing effect on misaligned CFC tile in the Tore Supra tokamak},
  author={Corre, Yann and Dejarnac, Renaud and Gardarein, Jean-Laurent and Gaspar, Jonathan
 and Escourbiac, Fr{\'e}d{\'e}ric and Gauthier, Eric and Gunn, James-Paul and Komm, Mickael
 and Lipa, Manfred and Loarer, Thierry and others},
  journal={Journal of Nuclear Materials},
  volume={463},
  pages={832--836},
  year={2015}
}
@incollection{Cr17NewA,
  title={{A New Approach to Bolometric Tomography in Tokamaks}},
  author={Craciunescu, T. and  Murari, M. and  Peluso, E.  and Gelfusa, M. and "JET Contributors"},
  booktitle={This proceedings},
  year={2018}
}
@techreport{Ba16Limi,
  title={{3D FW HL Limited Configuration - CCFE2016c vs CCFE2016d (Slides)}},
  author={Barbato, L. and  Maviglia, F. and  Wenninger, R. and  Firdaouss, M. and  Barrett, T. and  Kovari, M.},
  institution={{Eurofusion}},
  year={{2 November 2016}}
}
@techreport{ Ba16Flat,
  title={{3D FW HL Flat vs Roof Shaped Surfaces (Slides)}},
  author={Barbato, L. and  Maviglia, F. and  Wenninger, R. and  Firdaouss, M. and  Barrett, T. and  Kovari, M.},
  institution={{Eurofusion}},
  year={{2 November 2016}}
}
@article{DI11Conv,
  title={Convective transport by intermittent blob-filaments: comparison of theory and experiment},
  author={D'Ippolito, D.A. and Myra, J.R. and Zweben, S.J.},
  journal={Physics of Plasmas},
  volume={18},
  number={6},
  pages={060501},
  year={2011}
}
@article{Bi12Inve,
  title={Inverse energy cascade in three-dimensional isotropic turbulence},
  author={Biferale, L. and Musacchio, S. and Toschi, F.},
  journal={Physical Review Letters},
  volume={108},
  number={16},
  pages={164501},
  year={2012}
}
@article{Bi13Spli,
  title={Split energy--helicity cascades in three-dimensional homogeneous and isotropic turbulence},
  author={Biferale, L. and Musacchio, S. and Toschi, F.},
  journal={Journal of Fluid Mechanics},
  volume={730},
  pages={309--327},
  year={2013}
}
@article{Li16Effe,
  title={Effects of magnetic and kinetic helicities on the growth of magnetic fields in laminar and turbulent flows by helical-Fourier decomposition},
  author={Linkmann, M. and Sahoo, G. and McKay, M. and Berera, A. and Biferale, L.},
  journal={arXiv preprint arXiv:1609.01781},
  year={2016}
}
@article{Li16heli,
  title={Helical mode interactions and spectral transfer processes in magnetohydrodynamic turbulence},
  author={Linkmann, M. and Berera, A. and McKay, M. and J{\"a}ger, J.},
  journal={Journal of Fluid Mechanics},
  volume={791},
  pages={61--96},
  year={2016}
}
@article{Wa92natu,
  title={The nature of triad interactions in homogeneous turbulence},
  author={Waleffe, F.},
  journal={Physics of Fluids A: Fluid Dynamics},
  volume={4},
  number={2},
  pages={350--363},
  year={1992}
}
@article{Mc03moti,
  title={The motion of a fluid ellipsoid in a general linear background flow},
  author={McKiver, W.J. and Dritschel, D.G.},
  journal={Journal of Fluid Mechanics},
  volume={474},
  pages={147--173},
  year={2003}
}
@article{Ha15infl,
  title={The Influence of Filaments in the Private Flux Region on Divertor Particle and Power Deposition},
  author={Harrison, J.R. and Fishpool, G.M. and Thornton, A.J. and Walkden, N.R. and others},
  journal={arXiv preprint arXiv:1503.03638},
  year={2015}
}
@article{Mi16Mult,
  title={{Multi-code analysis of scrape-off layer filament dynamics in MAST}},
  author={Militello, F. and Walkden, N.R. and Farley, T. and Gracias, W.A. and Olsen, J. and Riva, F. and Easy, L. and Fedorczak, N. and Lupelli, I. and Madsen, J. and others},
  journal={Plasma Physics and Controlled Fusion},
  volume={58},
  number={10},
  pages={105002},
  year={2016}
}
@article{Mo73Diff,
  title={Difference methods for time-dependent two-dimensional convection},
  author={Moore, D.R. and Peckover, R.S. and Weiss, N.O.},
  journal={Computer Physics Communications},
  volume={6},
  number={5},
  pages={198--220},
  year={1973}
}
@article{Ro66Conv,
  title={Convective difference schemes},
  author={Roberts, K.V. and Weiss, N.O.},
  journal={Mathematics of Computation},
  volume={20},
  number={94},
  pages={272--299},
  year={1966}
}
@article{Zh97NonB,
  title={{Non-Boussinesq effect: Thermal convection with broken symmetry}},
  author={Zhang, J. and Childress, S. and Libchaber, A.},
  journal={Physics of Fluids},
  volume={9},
  number={4},
  pages={1034--1042},
  year={1997}
}
@article{Qi02Temp,
  title={{Temperature oscillations in turbulent Rayleigh-Benard convection}},
  author={Qiu, X.-L. and Tong, P.},
  journal={Physical Review E},
  volume={66},
  number={},
  pages={026308},
  year={2002}
}
@article{Mi12Simu,
  title={Simulations of edge and scrape off layer turbulence in mega ampere spherical tokamak plasmas},
  author={Militello, F. and Fundamenski, W. and Naulin, V. and Nielsen, A.H.},
  journal={Plasma Physics and Controlled Fusion},
  volume={54},
  number={9},
  pages={095011},
  year={2012}
}
@article{Ro04Penu,
  title={{Penumbral structure at 0.1 arcsecond resolution-I. General appearance and power spectra}},
  author={Rouppe van der Voort, L.H.M. and L{\"o}fdahl, M.G. and Kiselman, D. and Scharmer, G.B.},
  journal={Astronomy \& Astrophysics},
  volume={414},
  number={2},
  pages={717--726},
  year={2004}
}
@article{Re12Nume,
  title={Numerical models of sunspot formation and fine structure},
  author={Rempel, M.},
  journal={Philosophical Transactions of the Royal Society of London A: Mathematical, Physical and Engineering Sciences},
  volume={370},
  number={1970},
  pages={3114--3128},
  year={2012}
}
@article{Ku03revi,
  title={A review of oceanic salt-fingering theory},
  author={Kunze, E.},
  journal={Progress in Oceanography},
  volume={56},
  number={3},
  pages={399--417},
  year={2003}
}
@article{Ha91hydr,
  title={A 'hydrodynamic' model of the negative-ion source},
  author={Haas, F.A. and Lea, L.M. and Holmes, A.J.T.},
  journal={Journal of Physics D: Applied Physics},
  volume={24},
  number={9},
  pages={1541},
  year={1991}
}
@article{Ar07Emer,
  title={Emergence of a flux tube through a partially ionized solar atmosphere},
  author={Arber, T.D. and Haynes, M. and Leake, J.E.},
  journal={The Astrophysical Journal},
  volume={666},
  number={1},
  pages={541--546},
  year={2007}
}
@article{Le06emer,
  title={The emergence of magnetic flux through a partially ionised solar atmosphere},
  author={Leake, J.E. and Arber, T.D.},
  journal={Astronomy \& Astrophysics},
  volume={450},
  number={2},
  pages={805--818},
  year={2006}
}
@article{Ra11Mode,
  author={Racine, E. and Charbonneau, P. and Ghizaru, M. and Bouchat, A. and Smolarkiewicz, P.K.},
  title={{On the Mode of Dynamo Action in a Global Large-eddy Simulation of Solar Convection}},
  journal={The Astrophysical Journal},
  volume={735},
  number={1},
  pages={46},
  note={\url{http://stacks.iop.org/0004-637X/735/i=1/a=46}},
  year={2011},
}
@inproceedings{Mi10Magn,
  title={Magnetic cycles and meridional circulation in global models of solar convection},
  author={Miesch, M.S. and Brown, B.P. and Browning, M.K. and Brun, A.S. and Toomre, J.},
  booktitle={IAU Symposium 271. Astrophysical Dynamics: from Stars to Galaxies},
  editor={Brummell, N. and Brun, A.S. and Miesch, M.S. and Ponty, Y.},
  note={\url{http://www.ccfe.ac.uk/assets/Documents/PROCIAUvol271.pdf}},
  pages={261--269},
  year={2010}
}
@book{hathaway,
  title={{http://solarscience.msfc.nasa.gov/images/bfly.gif}},
  author={Hathaway, D.H.},
  url={{http://solarscience.msfc.nasa.gov/images/bfly.gif}},
  year={2016},
  publisher={NASA}
}
@book{Bo13Sola,
  title={Solar and Space Physics: A Science for a Technological Society},
  author={{Committee on a Decadal Strategy for Solar and Space Physics (Heliophysics)}},
  year={2013},
  url={{http://www.nap.edu/read/13060/chapter/14}},
  publisher={National Academies Press}
}
@article{Ho07Four,
  title={Fourier decomposition of magnetic perturbations in toroidal plasmas using singular value decomposition},
  author={Hole, M.J. and Appel, L.C.},
  journal={Plasma Physics and Controlled Fusion},
  volume={49},
  number={12},
  pages={1971},
  year={2007}
}
@article{Ho09high,
  title={{A high resolution Mirnov array for the Mega Ampere Spherical Tokamak}},
  author={Hole, M.J. and Appel, L.C. and Martin, R.},
  journal={Review of Scientific Instruments},
  volume={80},
  number={12},
  pages={123507},
  year={2009}
}
@article{Ga152D3D,
  title={{2D or not 2D: the effect of dimensionality on the dynamics of fingering convection at low Prandtl number}},
  author={Garaud, P. and Brummell, N.},
  journal={The Astrophysical Journal},
  volume={815},
  number={1},
  pages={42},
  year={2015}
}
@article{Zh15form,
   author = "Zhu, P. and Sovinec, C. R. and Hegna, C. C.",
   title = "The formation of blobs from a pure interchange process",
   journal = "Physics of Plasmas",
   year = "2015",
   volume = "22",
   number = "2", 
   pages = "022311"
}
@article{Mi16Four,
  title={{Fourier-spectral element approximation of the ion--electron Braginskii system with application to tokamak edge plasma in divertor configuration}},
  author={Minjeaud, S. and Pasquetti, R.},
  journal={Journal of Computational Physics},
  volume={321},
  pages={492--511},
  year={2016},
  note={\url{http://dx.doi.org/10.1016/j.jcp.2016.05.056}}
}
@article{Go14Conv,
  title={Convectively driven shear and decreased heat flux},
  author={Goluskin, D. and Johnston, H. and Flierl, G.R. and Spiegel, E.A.},
  journal={Journal of Fluid Mechanics},
  volume={759},
  pages={360--385},
  year={2014}
}
@article{Kl11Supp,
  title={Suppression of transport bursts in simulations of edge-localized modes by increasing the magnetic shear},
  author={Kleva, R.G.},
  journal={Plasma Physics and Controlled Fusion},
  volume={54},
  number={1},
  pages={015016},
  year={2011}
}
@article{Kl01Fast,
  title={Fast disruptions by ballooning mode ridges and fingers in high temperature, low resistivity toroidal plasmas},
  author={Kleva, R.G. and Guzdar, P.N.},
  journal={Physics of Plasmas},
  volume={8},
  number={1},
  pages={103--109},
  year={2001}
}
@article{Ta15Spec,
  title={Special topics in plasma confinement},
  author={Taylor, J.B. and Newton, S.L.},
  journal={Journal of Plasma Physics},
  volume={81},
  number={05},
  pages={205810501},
  year={2015}
}
@book{stacey,
  title={{Fusion Plasma Physics}},
  author={Stacey, W.M.},
  year={2012},
  publisher={John Wiley \& Sons}
}
@article{Vi16stat,
  title={{On the statistics and features of turbulent structures in RFX-mod}},
  author={Vianello, N. and Spolaore, M. and Agostini, M. and Cavazzana, R. and De Masi, G. and Martines, E. and Momo, B. and Scarin, P. and Spagnolo, S. and Zuin, M.},
  journal={Plasma Physics and Controlled Fusion},
  volume={58},
  number={4},
  pages={044009},
  year={2016}
}
@article{Hi16natu,
  title={{On the nature of the magnetic Rayleigh-Taylor instability in Astrophysical Plasma: The case of uniform magnetic field strength}},
  author={Hillier, A.S.},
  journal={Monthly Notices of the Royal Astronomical Society},
  pages={stw1805},
  year={2016}
}
@article{Hi12Nume2,
  title={{Numerical Simulations of the Magnetic Rayleigh-Taylor Instability in the Kippenhahn-Schl{\"u}ter Prominence Model. II. Reconnection-triggered Downflows}},
  author={Hillier, A. and Isobe, H. and Shibata, K. and Berger, T.},
  journal={The Astrophysical Journal},
  volume={756},
  number={2},
  pages={110},
  year={2012}
}

@article{Hi12Nume,
  title={{Numerical Simulations of the Magnetic Rayleigh-Taylor Instability in the Kippenhahn-Schl{\"u}ter Prominence Model. I. Formation of Upflows}},
  author={Hillier, A. and Berger, T. and Isobe, H. and Shibata, K.},
  journal={The Astrophysical Journal},
  volume={746},
  number={2},
  pages={120},
  year={2012}
}
@article{Ca15Nekt,
  title={Nektar++: An open-source spectral/hp element framework},
  author={Cantwell, C.D. and Moxey, D. and Comerford, A. and Bolis, A. and Rocco, G. and Mengaldo, G. and De Grazia, D. and Yakovlev, S. and Lombard, J.-E. and Ekelschot, D. 
and Jordi, B. and Xu, H. and Mohamied, Y. and Eskilsson, C. and
Nelson, B. and Vos, P. and Biotto, C. and Kirby, R.M. and Sherwin, S.J.}, 
  journal={Computer Physics Communications},
  note={\url{https://doi.org/10.1016/j.cpc.2015.02.008}},
  volume={192},
  pages={205--219},
  year={2015}
}
@article{Fu07Rela,
  title={{On the relationship between ELM filaments and solar flares}},
  author={Fundamenski, W. and Naulin, V. and Neukirch, T. and Garcia, O.E. and Rasmussen, J.J.},
  journal={Plasma Physics and Controlled Fusion},
  volume={49},
  number={5},
  pages={R43--R86},
  year={2007}
}
@book{karniadakissherwin,
  title={Spectral/hp element methods for computational fluid dynamics 2nd Ed.},
  author={Karniadakis, G. and Sherwin, S.},
  note={\url{https://doi.org/10.1093/acprof:oso/9780198528692.001.0001}},
  year={2005},
  publisher={Oxford University Press}
}
@book{stratton,
  title={Electromagnetic theory},
  author={Stratton, J.A.},
  year={2007},
  publisher={John Wiley \& Sons}
}
@book{miyamoto,
  title={Controlled fusion and plasma physics},
  author={Miyamoto, K.},
  year={2006},
  publisher={Taylor \& Francis}
}
@article{Mi13Expe,
  title={{Experimental and numerical characterization of the turbulence in the scrape-off layer of MAST}},
  author={Militello, F. and Tamain, P. and Fundamenski, W. and Kirk, A. and Naulin, V. and Nielsen, A.H. and {the MAST team}},
  journal={Plasma Physics and Controlled Fusion},
  volume={55},
  number={2},
  pages={025005},
  year={2013}
}
@article{Xu10Inte,
  title={Intermittent convective transport carried by propagating electromagnetic filamentary structures in nonuniformly magnetized plasma},
  author={Xu, G.S. and Naulin, V. and Fundamenski, W. and Rasmussen, J.J. and Nielsen, A.H. and Wan, B.N.},
  journal={Physics of Plasmas},
  volume={17},
  number={2},
  pages={022501},
  year={2010}
}
@book{eggersfontelos,
  title={{Singularities: Formation, Structure, and Propagation}},
  author={Eggers, J. and Fontelos, M.A.},
  year={2015},
  publisher={Cambridge University Press}
}
@article{Ho83Magn,
  title={{Magnetic tornadoes: Three-dimensional affine motions in ideal magnetohydrodynamics}},
  author={Holm, D.D.},
  journal={Physica D: Nonlinear Phenomena},
  volume={8},
  number={1-2},
  pages={170--182},
  year={1983}
}
@article{Li15Heli,
  title={{Helical mode interactions and spectral
transfer processes in magnetohydrodynamic turbulence}},
  author={Linkmann, M. and Berera, A. and McKay, M. and Jager, J.},
  journal={Journal of Fluid Mechanics},
  volume={submitted},
  pages={Arxiv preprint arXiv:1508.0552v2},
  year={2015}
}
@book{arnoldnovikov,
  title={{Dynamical systems IV: Symplectic geometry and its Applications, 2nd Ed.}},
  author={Arnold, V.I. and Novikov, S.P.},
  year={1990},
  publisher={Springer}
}
@article{Ho98Eule,
  title={{The Euler Poincare Equations and Semidirect Products
with Applications to Continuum Theories}},
  author={Holm, D.D. and Marsden, J.E. and Ratiu, T.S.},
  journal={Advances in Mathematics},
  volume={137},
  pages={1--81},
  year={1998}
}
@article{Fa15Defl,
  title={Deflation techniques for finding distinct solutions of nonlinear partial differential equations},
  author={Farrell, P.E. and Birkisson, A. and Funke, S.W.},
  journal={SIAM Journal on Scientific Computing},
  volume={37},
  number={4},
  pages={A2026--A2045},
  year={2015}
}
@inproceedings{Pa14Open,
  title={{OpenCossan: An efficient open tool for dealing with epistemic and aleatory uncertainties}},
  author={Patelli, E. and Broggi, M. and Angelis, M. de and Beer, M.},
  booktitle={{Vulnerability, Uncertainty, and Risk
  : Quantification, Mitigation, and Management}},
  editor={Beer, M. and Au, S.-K. and Hall, J.W.},
  pages={2564--2573},
  year={2014},
  note={{DOI 10.1061/9780784413609.258}},
  organization={American Society of Civil Engineers}
}
@incollection{Me12Meth,
title = "Chapter nine - Methods for Cell and Particle Tracking ",
editor = "P. Michael Conn",
booktitle = "Imaging and Spectroscopic Analysis of Living Cells: Optical and Spectroscopic Techniques",
publisher = "Academic Press",
year = "2012",
volume = "504",
pages = "183 - 200",
series = "Methods in Enzymology ",
author = "Meijering, E. and Dzyubachyk, O. and Smal, I.",
}
@article{Im67TwoD,
  title={Two-dimensional flow of an ideally conducting gas in the vicinity of the zero line of 
a magnetic field},
  author={Imshennik, V.S. and Syrovatskii, S.I.},
  journal={Sov. Phys.--JETP},
  volume={25},
  number={4},
  pages={656--664},
  year={1967}
}
@article{Ko15Impa,
  title={{Impact of a narrow limiter SOL heat flux channel on the ITER first
wall panel shaping}},
  author={Kocan, M. and Pitts, R.A. and Arnoux, G. and Balboa, I. and de Vries, P.C.
and Dejarnac, R. and Furno, I. and Goldston, R.J. and Gribov, Y. and Horacek, J. and
others},
  journal={Nuclear Fusion},
  volume={55},
  number={3},
  pages={033019},
  year={2015}
}
@book{highamed,
  title={The Princeton Companion to Applied Mathematics},
  author={Higham, N.J. and Dennis, M.R. and Glendinning, P. and Martin, P.A. and Santosa, F.
 and Tanner, J.},
  year={2015},
  publisher={Princeton University Press}
}
@book{smithUQ,
  title={Uncertainty Quantification: Theory, Implementation, and Applications},
  author={Smith, R.C.},
  year={2014},
  publisher={SIAM}
}
@book{fornbergflyer,
  title={{A Primer on Radial Basis Functions with Applications to the Geosciences}},
  author={Fornberg, B. and Flyer, N.},
  year={2015},
  publisher={SIAM}
}
@article{Ri15Appr,
  title={{Approaching the investigation of plasma turbulence through a rigorous verification
 and validation procedure: A practical example}},
  author={Ricci, P. and Riva, F. and Theiler, C. and Fasoli, A. and Furno, I. and Halpern, F
.D. and Loizu, J.},
  journal={Physics of Plasmas},
  volume={22},
  number={5},
  pages={055704},
  year={2015}
}
@techreport{QPROGegdoc,
  title={{QPROG Example, Generated by Doxygen 1.8.6}},
  author={Arter, W. and Eastwood, J.W. and Morgan, J.G.},
  institution={{UKAEA}},
  year={{September 2015}}
}
@techreport{Ea09Fort,
  number={{CEM/081203/WI/1 Issue 2}},
  title={{Fortran 95 Conventions for FISPACT}},
  author={Eastwood, J.W. and Morgan, J.G.},
  institution={{Culham Electromagnetics Ltd}},
  year={{2009}}
}
@techreport{SMITERegdoc,
  title={{SMITER Example, Generated by Doxygen 1.8.6}},
  author={Arter, W. and Eastwood, J.W. and Morgan, J.G.},
  institution={{UKAEA}},
  year={{September 2015}}
}
@article{Sc06Plas,
  title={{Plasma Edge Physics with B2-Eirene}},
  author={Schneider, R. and Bonnin, X. and Borrass, K. and Coster, D.P. and Kastelewicz, H. and Reiter, D. and Rozhansky, V.A. and Braams, B.J.},
  journal={Contributions to Plasma Physics},
  volume={46},
  number={1-2},
  pages={3--191},
  year={2006}
}
@techreport{ISO1539,
  title={{Information technology, programming languages, Fortran. International Standard.
Part 1: Base Language}},
  author={ISO/IEC},
  number={1539-1},
  year={{first edition 1997-12-15, 1997}}
}
@techreport{tr15581,
  title={{Information technology, programming languages, Fortran, enhanced data type
facililities}},
  author={{ISO/IEC}},
  number={{TR 15581(E)}},
  year={{second edition, 2001}}
}
@techreport{He21doxy,
  title={{doxygen Manual for version 1.9.1}},
  author={van Heesch, D.},
  institution={www.doxygen.org},
  year={{2021}}
}
@techreport{He07doxy,
  title={{doxygen Manual for version 1.7.1}},
  author={van Heesch, D.},
  institution={www.doxygen.org},
  year={{2007}}
}
@book{stangeby,
  title={The plasma boundary of magnetic fusion devices},
  author={Stangeby, P.C.},
  year={2000},
  publisher={Taylor \& Francis, New York}
}
@book{pai,
  title={Magnetogasdynamics and plasma dynamics},
  author={Pai, S.-I.},
  year={1962},
  publisher={Springer}
}
@book{liepmannroshko,
  title={Elements of gasdynamics},
  author={Liepmann, H. and Roshko, A.},
  publisher={Wiley, New York},
  year={1957}
}
@article{Ba97Nume,
  title={{Numerical \{3+ 1\} general relativistic hydrodynamics: A local characteristic approach}},
  author={Banyuls, F. and Font, J.A. and Ib{\'a}{\~n}ez, J.M. and Mart{\'\i}, J.M. and Miralles, J.A.},
  journal={The Astrophysical Journal},
  volume={476},
  number={1},
  pages={221--231},
  year={1997}
}

@article{Ha83Plas,
  title={Plasma characteristics and gas transport in the single-null poloidal divertor of the international Tokamak reactor},
  author={Harrison, M.F.A. and Harbour, P.J. and Hotston, E.S.},
  journal={Fusion Science and Technology},
  volume={3},
  number={3},
  pages={432--456},
  year={1983}
}
@article{He06Surv,
  title={Survey of sampling-based methods for uncertainty and sensitivity analysis},
  author={Helton, J.C. and Johnson, J.D. and Sallaberry, C.J. and Storlie, C.B.},
  journal={Reliability Engineering \& System Safety},
  volume={91},
  number={10--11},
  pages={1175--1209},
  year={2006}
}
@InProceedings{EaMo13,
  author =       {{Eastwood, J.W. and Morgan, J.G.}},
  title =        {Pathways and uncertainty prediction in \textsc{Fispact-II}}, 
  booktitle =    {Joint International Conference on Supercomputing in
      Nuclear Applications and Monte Carlo 2013},
  year =         2013,
  note={\url{http://dx.doi.org/10.1051/snamc/201402404}}
}
@article{Ce03JETf,
  title={{JET first wall and divertor protection system}},
  author={Cenedese, A. and Sartori, F. and Riccardo, V. and Lomas, P.J.},
  journal={Fusion engineering and design},
  volume={66},
  pages={785--790},
  year={2003}
}
@article{Ha13Benc,
  title={{Benchmarking of a 1D scrape-off layer code SOLF1D with SOLPS and its use in modelling long-legged divertors}},
  author={Havl{\'\i}{\v{c}}kov{\'a}, E. and Fundamenski, W. and Subba, F. and Coster, D. and Wischmeier, M. and Fishpool, G.},
  journal={Plasma Physics and Controlled Fusion},
  volume={55},
  number={6},
  pages={065004},
  year={2013}
}
@techreport{SOLF1D,
  title={{1D studies of long-legged divertor following from
benchmark of SOLF1D and SOLPS codes}},
  author={Havlickova, E. and Fundamenski, W. and Subba, F. and Coster, D. and Wischmeier, M. and Fishpool, G.},
  institution={{CCFE}},
  number={{status unknown}},
  year={2014}
}
@article{Yu13Fast,
  title={{Fast equilibrium reconstruction for tokamak discharge control based on GPU}},
  author={Yue, X.N. and Xiao, B.J. and Luo, Z.P. and Guo, Y.},
  journal={Plasma Physics and Controlled Fusion},
  volume={55},
  number={8},
  pages={085016},
  year={2013}
}


@article{Bl12Reco,
  title={Reconstruction of the equilibrium of the plasma in a Tokamak and identification of the current density profile in real time},
  author={Blum, J. and Boulbe, C. and Faugeras, B.},
  journal={Journal of Computational Physics},
  volume={231},
  number={3},
  pages={960--980},
  year={2012}
}
@article{Cz08Bezi,
  title={{Bezier surfaces and finite elements for MHD simulation}},
  author={Czarny, O. and Huysmans, G.},
  journal={Journal of Computational Physics},
  volume={227},
  number={16},
  pages={7423--7445},
  year={2008}
}
@phdthesis{phillips14,
  title={{Fast solvers
and uncertainty quantification
for models of magnetohydrodynamics}},
  author={Phillips, E.G.},
  year={2014},
  school={University of Maryland}
}
@article{Ho11equi,
  title={An equilibrium validation technique based on Bayesian inference},
  author={Hole, MJ and Von Nessi, G and Svensson, J and Appel, LC and MAST Team and others},
  journal={Nuclear Fusion},
  volume={51},
  number={10},
  pages={103005},
  year={2011}
}
@article{Ne12Evid,
  title={Evidence cross-validation and Bayesian inference of MAST plasma equilibria},
  author={von Nessi, GT and Hole, MJ and Svensson, J and Appel, L},
  journal={Physics of Plasmas (1994-present)},
  volume={19},
  number={1},
  pages={012506},
  year={2012}
}
@article{Ha12Stro,
  title={Strong toroidal effects on tokamak tearing mode stability in the hybrid and conventional scenarios},
  author={Ham, CJ and Connor, JW and Cowley, SC and Gimblett, CG and Hastie, RJ and Hender, TC and Martin, TJ},
  journal={Plasma Physics and Controlled Fusion},
  volume={54},
  number={2},
  pages={025009},
  year={2012}
}
@article{Sv11Mode,
  title={Modelling of JET diagnostics using Bayesian graphical models},
  author={Svensson, J. and Ford, O. and McDonald, D.C. and Meakins, A. and Werner, A. and Brix, M. and Boboc, A. and Beurskens, M. and Contributors, JET EFDA},
  journal={Contributions to Plasma Physics},
  volume={51},
  number={2-3},
  pages={152--157},
  year={2011}
}
@article{Wi14high,
  title={A high-order Boris integrator},
  author={Winkel, M. and Speck, R. and Ruprecht, D.},
  journal={arXiv preprint arXiv:1409.5677},
  year={2014}
}
@article{Ga03Usin,
  title={Using data assimilation in numerical simulations of experimental geophysical flows},
  author={Galmiche, M. and Sommeria, J. and Thivolle-Cazat, E. and Verron, J.},
  journal={Comptes Rendus M{\'e}canique},
  volume={331},
  number={12},
  pages={843--848},
  year={2003}
}
@article{Yo13Data,
  title={Data assimilation in the laboratory using a rotating annulus experiment},
  author={Young, R.M.B. and Read, P.L.},
  journal={Quarterly Journal of the Royal Meteorological Society},
  volume={139},
  number={675},
  pages={1488--1504},
  year={2013}
}
@article{Ra10Real,
  title={A realtime observatory for laboratory simulation of planetary flows},
  author={Ravela, S. and Marshall, J. and Hill, C. and Wong, A. and Stransky, S.},
  journal={Experiments in Fluids},
  volume={48},
  number={5},
  pages={915--925},
  year={2010}
}
@article{Mi13Shor,
  title={Short-wavelength Magnetic Buoyancy Instability},
  author={Mizerski, K.A. and Davies, C.R. and Hughes, D.W.},
  journal={The Astrophysical Journal Supplement Series},
  volume={205},
  number={2},
  pages={16},
  year={2013}
}
@article{De13part,
  title={{On particle movers in cylindrical geometry for Particle-In-Cell simulations}},
  author={Delzanno, G.L. and Camporeale, E.},
  journal={Journal of Computational Physics},
  volume={253},
  pages={259--277},
  year={2013}
}
@article{Bu84Magn,
  title={Magnetic collapse near zero points of the magnetic field},
  author={Bulanov, S.V. and Olshanetsky, M.A.},
  journal={Physics Letters A},
  volume={100},
  number={1},
  pages={35--38},
  year={1984}
}
@article{Fo13Inde,
 title={{Indeterminacy and instability in Petschek reconnection}},
 author={Forbes, T.G. and Priest, E.R. and Seaton, D.B. and Litvinenko, Y.E.},
 journal={Physics of Plasmas},
 volume={20},
 number={5},
 pages={052902},
 year={2013}
}
@book{priest3,
  title={{Magnetohydrodynamics of the Sun}},
  author={Priest, E.R.},
  year={2014},
  publisher={Cambridge University Press}
}
@article{Ar97Rema,
  title={{Remarks concerning the Morse theory of a divergence-free vector field, the averaging method, and the motion of a charged particle in a magnetic field}},
  author={Arnold, V.I.},
  journal={Proceedings of the Steklov Institute of Mathematics},
  volume={216},
  pages={3--13},
  year={1997}
}

@article{Pa14pena,
  title={A penalization technique to model plasma facing components in a tokamak with temperature variations},
  author={Paredes, A and Bufferand, H and Ciraolo, G and Schwander, F and Serre, E and Ghendrih, P and Tamain, P},
  journal={Journal of Computational Physics},
  year={2014}
}
@article{Ab11indu,
  title={An industrial view on numerical simulation for aircraft aerodynamic design},
  author={Abbas-Bayoumi, A. and Becker, K.},
  journal={Journal of Mathematics in Industry},
  volume={1},
  number={1},
  pages={1--14},
  year={2011}
}
@article{Tu95Labo,
  title={Laboratory models of double-diffusive processes},
  author={Turner, J.S.},
  journal={Geophysical Monograph Series},
  volume={94},
  pages={11--29},
  year={1995},
  publisher={American Geophysical Union}
}
@article{Me95Bina,
  title={Binary fluid convection in a cylinder},
  author={Mercader, I. and Net, M. and Knobloch, E.},
  journal={Physical Review E},
  volume={51},
  number={1},
  pages={339},
  year={1995}
}
@article{Sp70Obse,
  title={Observations and other characteristics of thermals},
  author={Sparrow, E.M. and Husar, R.B. and Goldstein, R.J.},
  journal={Journal of Fluid Mechanics},
  volume={41},
  number={04},
  pages={793--800},
  year={1970}
}
@article{Zh07Morp,
  title={Morphological evolution of thermal plumes in turbulent Rayleigh-B{\'e}nard convection},
  author={Zhou, Q. and Sun, C. and Xia, K.-Q.},
  journal={{Physical Review Letters}},
  volume={98},
  number={7},
  pages={074501},
  year={2007}
}
@article{Mo13Quas,
  title={Quasineutral plasma expansion into infinite vacuum as a model for parallel ELM transport},
  author={Moulton, D. and Ghendrih, Ph. and Fundamenski, W. and Manfredi, G. and Tskhakaya, D.},
  journal={Plasma Physics and Controlled Fusion},
  volume={55},
  number={8},
  pages={085003},
  year={2013}
}

@article{Ma09ELMi,
  title={{ELM induced divertor heat loads on TCV}},
  author={Marki, J. and Pitts, R.A. and Horacek, J. and Tskhakaya, D.},
  journal={Journal of Nuclear Materials},
  volume={390},
  pages={801--805},
  year={2009}
}
@article{Fu06mode,
  title={{A model of ELM filament energy evolution due to parallel losses}},
  author={Fundamenski, W. and Pitts, R.A. and others},
  journal={Plasma physics and controlled fusion},
  volume={48},
  number={1},
  pages={109},
  year={2006}
}
@article{Fi13Deve,
  title={Development of magnetohydrodynamic modes during sawteeth in tokamak plasmas},
  author={Firpo, M.-C. and Ettoumi, W. and Farengo, R. and Ferrari, H.E. and Garcia-Martinez, P.L. and Lifschitz, A.F.},
  journal={Physics of Plasmas (1994-present)},
  volume={20},
  number={7},
  pages={072305},
  year={2013}
}
@article{Pa78Nonl,
  title={Nonlinear behavior of linearly unstable magnetohydrodynamic modes},
  author={Pao, Y.-P.},
  journal={Physics of Fluids (1958-1988)},
  volume={21},
  number={5},
  pages={765--772},
  year={1978}
}
@inproceedings{Ba06Dyna,
  title={{Dynamics of Edge Oscillations and Core Relaxations in Harness}},
  author={Ball, R. and Horton, W.},
  booktitle = "{Proceedings of 21st IAEA Fusion Energy Conference}",
  publisher = {IAEA},
  pages = {{TH/P6-24}},
  note = {{http://www-naweb.iaea.org/napc/physics/fec/fec2006/papers/th\_p6-24.pdf}},
  year = 2006
  }
@article{Di94Self,
  title={{Self-regulating shear flow turbulence: A paradigm for the L to H transition}},
  author={Diamond, P.H. and Liang, Y.-M. and Carreras, B.A. and Terry, P.W.},
  journal={Physical Review Letters},
  volume={72},
  number={16},
  pages={2565--2568},
  year={1994}
}
@article{It88Mode,
  title={{Model of L- to H-mode transition in tokamak}},
  author={Itoh, S.-I. and Itoh, K.},
  journal={Physical Review Letters},
  volume={60},
  number={22},
  pages={2276--2279},
  year={1988}
}
@article{In07Dyna,
  title={{Dynamical phases of the Hindmarsh-Rose neuronal model: studies of the transition from bursting to spiking chaos}},
  author={Innocenti, G. and Morelli, A. and Genesio, R. and Torcini, A.},
  journal={Chaos: An Interdisciplinary Journal of Nonlinear Science},
  volume={17},
  number={4},
  pages={043128},
  year={2007}
}
@article{Ba14Macr,
  title={{Macro-and micro-chaotic structures in the Hindmarsh-Rose model of bursting neurons}},
  author={Barrio, R. and Mart{\'\i}nez, M.A. and Serrano, S. and Shilnikov, A.},
  journal={Chaos: An Interdisciplinary Journal of Nonlinear Science},
  volume={24},
  number={2},
  pages={023128},
  year={2014}
}
@article{Gu14Biol,
  title={{Biological experimental demonstration of bifurcations from bursting to spiking predicted by theoretical models}},
  author={Gu, H. and Pan, B. and Chen, G. and Duan, L.},
  journal={Nonlinear Dynamics},
  volume={{May}},
  pages={1--17},
  year={2014}
}
@article{Vo96Self,
  title={{Self-consistent description of L-H mode transition dynamics in tokamaks}},
  author={Vojtsekhovich, I.A. and Dnestrovskij, A.Yu. and Parail, V.V.},
  journal={Nuclear Fusion},
  volume={35},
  number={6},
  pages={631},
  year={1995}
}
@article{To96Doub,
  title={{Double hysteresis in L/H transition and compound dithers}},
  author={Toda, S. and Itoh, S.I. and Yagi, M. and Fukuyama, A. and Itoh, K.},
  journal={Plasma Physics and Controlled Fusion},
  volume={38},
  number={8},
  pages={1337--1341},
  year={1996}
}
@article{No13Cont,
  title={{Continuation-based numerical detection of after-depolarization and spike-adding thresholds}},
  author={Nowacki, J. and Osinga, H.M. and Tsaneva-Atanasova, K.T.},
  journal={Neural computation},
  volume={25},
  number={4},
  pages={877--900},
  year={2013}
}
@article{Tu05Spik,
  title={{Spike trains in a stochastic Hodgkin--Huxley system}},
  author={Tuckwell, H.C.},
  journal={BioSystems},
  volume={80},
  number={1},
  pages={25--36},
  year={2005}
}
@article{Ru13newc,
  title={{A new class of metrics for spike trains}},
  author={Rusu, C.V. and Floriani, R.V.},
  journal={Neural computation},
  volume={26},
  number={2},
  pages={306--348},
  year={2014}
}
@article{Du09newm,
  title={{A new method for characterizing patterns of neural spike trains and its application}},
  author={Du, Y. and Lu, Q. and Wang, S. and Wiercigroch, M.},
  journal={International Journal of Non-Linear Mechanics},
  volume={44},
  number={},
  pages={432--440},
  year={2009}
}
@phdthesis{dasanayake,
  title={{Optimal Control of Weakly Forced Nonlinear Oscillators}},
  author={Dasanayake, I.S.},
  year={2013},
  school={Washington University in St. Louis}
}
@article{Sh07Blue,
  title={{Blue-sky catastrophe}},
  author={Shilnikov, A. and Turaev, D.},
  journal={Scholarpedia},
  pages={{2(8):1889}},
  year={2007}
}
@article{Du13Pseu,
  title={{Pseudo-orbit Data Assimilation Part I: The Perfect Model Scenario}},
  author={Du, H. and Smith, L.A.},
  journal={Journal of the Atmospheric Sciences},
  volume={71},
  number={2},
  pages={469-482},
  year={2013}
}
@book{kalnay,
  title={Atmospheric modeling, data assimilation, and predictability},
  author={Kalnay, E.},
  year={2003},
  publisher={Cambridge University Press}
}
@article{Sm10Expl,
  title={{Exploiting dynamical coherence: A geometric approach to parameter estimation in nonlinear models}},
  author={Smith, L.A. and Cu{\'e}llar, M.C. and Du, H. and Judd, K.},
  journal={Physics letters A},
  volume={374},
  number={26},
  pages={2618--2623},
  year={2010}
}
@article{Ch07Qorb,
  title={{QORBIT, a Monte Carlo fusion code}},
  author={Christiansen, J.P.},
  journal={Computer Physics Communications},
  volume={{submitted}},
  year={2007}
}
@book{jaroszkiewicz,
  title={Principles of Discrete Time Mechanics},
  author={Jaroszkiewicz, G.},
  year={2014},
  publisher={Cambridge University Press}
}
@article{Ro73Nonl,
  title={Nonlinear properties of the internal m=1 kink instability in the cylindrical tokamak},
  author={Rosenbluth, M.N. and Dagazian, R.Y. and Rutherford, P.H.},
  journal={Physics of Fluids},
  pages={1894--1902},
  volume={16},
  number={11},
  year={1973}
}
@article{Ka11MAST,
  title={MAST upgrade closed pumped divertor design and analysis},
  author={Katramados, I. and Fishpool, G. and Fursdon, M. and Whitfield, G. and Thompson, V. and Meyer, H.},
  journal={Fusion Engineering and Design},
  volume={86},
  number={9},
  pages={1595--1598},
  year={2011}
}
@book{hinkelmannkempthorne2,
  title={{Design and analysis of experiments. Volume 2: Advanced experimental design}},
  author={Hinkelmann, K. and Kempthorne, O.},
  year={2005},
  publisher={Wiley-Interscience}
}
@article{Al13Kalm,
  title={{Kalman filter methods for real-time frequency and mode number estimation of MHD activity in tokamak plasmas}},
  author={Alves, D. and Coelho, R and Contributors, EFDA JET},
  journal={Plasma Physics and Controlled Fusion},
  volume={55},
  number={10},
  pages={105003},
  year={2013}
}
@article{Sa10Asyn,
  title={{Asynchronous data assimilation with the EnKF}},
  author={Sakov, P. and Evensen, G. and Bertino, L.},
  journal={Tellus A},
  volume={62},
  number={1},
  pages={24--29},
  year={2010}
}
@article{Br08Fitt,
  title={Fitting ordinary differential equations to short time course data},
  author={Brewer, D. and Barenco, M. and Callard, R. and Hubank, M. and Stark, J.},
  journal={Philosophical Transactions of the Royal Society A: Mathematical, Physical and Engineering Sciences},
  volume={366},
  number={1865},
  pages={519--544},
  year={2008}
}
@article{Di12Eval,
  title={Evaluating potential for data assimilation in a flux-transport dynamo model by assessing sensitivity and response to meridional flow variation},
  author={Dikpati, M. and Anderson, J.L.},
  journal={The Astrophysical Journal},
  volume={756},
  number={1},
  pages={20},
  year={2012}
}
@article{Sk14FLIP,
  title={{FLIP-MHD-based model sensitivity analysis}},
  author={Skandrani, C. and Innocenti, M.E. and Bettarini, L. and Crespon, F. and Lamouroux, J. and Lapenta, G.},
  journal={Nonlinear Processes in Geophysics},
  volume={21},
  number={2},
  pages={539--553},
  year={2014}
}

@article{Ki08Appl,
  title={Application of data assimilation method for predicting solar cycles},
  author={Kitiashvili, I. and Kosovichev, A.G.},
  journal={Astrophysical Journal Letters},
  volume={688},
  number={1},
  pages={L49},
  year={2008}
}
@inproceedings{Mc07Appr,
  title={Approximation of ship equations of motion from time series data},
  author={McCue, L.S. and Campbell, B.},
  booktitle={Proceedings of the 9th International Ship Stability Workshop},
  publisher={{Germanischer Lloyd}},
  year={2007}
}

@techreport{Po12erro,
  title={{On Error Dynamics and Instability in Data Assimilation}},
  author={Potthast, R.W.E. and Moodey, A.J.F. and Lawless, A.S. and van Leeuwen, P.J.},
  institution={{University of Reading}},
  number={{MPS-2012-05}},
  year={2012}
}
@inproceedings{Fr13Syne,
  title={Synergy of inverse problems and data assimilation techniques},
  author={Freitag, M. and Potthast, R.W.E.},
  booktitle={{Large Scale Inverse Problems}}, 
  editor={Scheichl, R. and Kindermann, S. and Freitag, M.A. and Cullen, M.},
  publisher={De Gruyter},
  year={2013}
}
@article{Ke13Well,
 title={{Well-Posedness And Accuracy Of The Ensemble Kalman Filter In Discrete And Continuous Time}},
 author={Kelly, D.T.B. and Law, K.J.H. and Stuart, A.M.},
 journal={arXiv preprint arXiv:1310.3167},
 year={2013} }

@article{Mu10Mach,
  title={Machine learning for the identification of scaling laws and dynamical systems directly from data in fusion},
  author="{Murari, A. and Vega, J. and Mazon, D. and Patan{\'e}, D. and Vagliasindi, G. and Arena, P. and Martin, N. and Martin, N.F. and Ratt{\'a}, G. and Caloone, V.}",
  journal={{Nuclear Instruments and Methods in Physics Research Section A: Accelerators, Spectrometers, Detectors and Associated Equipment}},
  volume={623},
  number={2},
  pages={850--854},
  year={2010}
}
@article{Pe11stat,
  title={The state space models toolbox for MATLAB},
  author={Peng, J.-Y. and Aston, J.A.D.},
  journal={{Journal of Statistical Software}},
  volume={41},
  number={6},
  pages={1--26},
  year={2011}
}
@article{Ve94VIOM,
  title={{VIOMAP, the S-parameter equivalent for weakly nonlinear RF and microwave devices}},
  author={Verbeyst, F. and Bossche, V.},
  journal={IEEE transactions on microwave theory and techniques},
  volume={42},
  number={12},
  pages={2531--2535},
  year={1994}
}
@article{Ro05Bifu,
  title={Bifurcations and limit dynamics in adaptive control systems},
  author={Lamooki, G.R. Rokni and Townley, S. and Osinga, H.M.},
  journal={International Journal of Bifurcation and Chaos},
  volume={15},
  number={05},
  pages={1641--1664},
  year={2005}
}
@article{Su12Dete,
  title={Detecting causality in complex ecosystems},
  author={Sugihara, G. and May, R. and Ye, H. and Hsieh, C. and Deyle, E. and Fogarty, M. and Munch, S.},
  journal={{Science}},
  volume={338},
  number={6106},
  pages={496--500},
  year={2012}
}
@article{Bo13Kalm,
  title={Kalman filters for real-time magnetic island phase tracking},
  author={Borgers, D.P. and Lauret, M. and de Baar, M.R.},
  journal={Fusion Engineering and Design},
  volume={88},
  number={11},
  pages={2922--2932},
  year={2013}
}
@article{Mi08Impa,
 title={{The Impact of the Time Step on the Intensity of ITCZ in an Aquaplanet GCM}}, author={Mishra, S.K. and Srinivasan, J. and Nanjundiah, R.S.},
 journal={Monthly Weather Review},
 volume={136},
 number={11},
 year={2008} }
@book{durran,
 title={{Numerical Methods for Wave Equations in Geophysical Fluid Dynamics}},
 author={Durran, D.R.},
 year={1999},
 publisher={Springer} }
@article{Ai14Disp,
  title={Dispersive behaviour of high order finite element schemes for the one-way wave equation},
  author={Ainsworth, M.},
  journal={Journal of Computational Physics},
  volume={259},
  pages={1--10},
  year={2014},
  note={\url{https://doi.org/10.1016/j.jcp.2013.11.003}}
}
@book{bijletal,
  title={{Uncertainty Quantification in Computational Fluid Dynamics}},
  editor={Bijl, H. and Lucor, D. and Mishra, S. and Schwab, C.},
  year={2013},
  publisher={Springer}
}
@article{Ke07nonl,
  title={The nonlinear evolution of instabilities driven by magnetic buoyancy: A new mechanism for the formation of coherent magnetic structures},
  author={Kersal{\'e}, E. and Hughes, D.W. and Tobias, S.M.},
  journal={The Astrophysical Journal Letters},
  volume={663},
  number={2},
  pages={L113-L116},
  year={2007}
}
@article{Ca90Buoy,
  title={Buoyancy-driven instabilities and the nonlinear breakup of a sheared magnetic layer},
  author={Cattaneo, F. and Chiueh, T. and Hughes, D.W.},
  journal={J. Fluid Mech},
  volume={219},
  pages={1--23},
  year={1990}
}
@article{Kr12Magn,
  title={Magnetospheric substorm: Loss of the magnetoplasma equilibrium as a nonlinear dynamical bifurcation},
  author={Kropotkin, A.P.},
  journal={Geomagnetism and Aeronomy},
  volume={52},
  number={2},
  pages={135--141},
  year={2012}
}
@article{Do04nonl,
  title={On nonlinear plasma instabilities during the substorm expansive phase onset},
  author={Dobias, P. and Voronkov, I.O. and Samson, J.C.},
  journal={Physics of Plasmas},
  volume={11},
  number={5},
  pages={2046--2053},
  year={2004}
}

@article{Re01Inte,
  title={Intensification of magnetic fields by conversion of potential energy},
  author={Rempel, M. and Sch{\"u}ssler, M.},
  journal={The Astrophysical Journal Letters},
  volume={552},
  number={2},
  pages={L171-L174},
  year={2001}
  }
@article{Fa12canl,
  title={How can large-scale twisted magnetic structures naturally emerge from buoyancy instabilities?},
  author={Favier, B. and Jouve, L. and Edmunds, W. and Silvers, L.J. and Proctor, M.R.E.},
  journal={Monthly Notices of the Royal Astronomical Society},
  volume={426},
  number={4},
  pages={3349--3359},
  year={2012}
  }
@article{Pa84Magn,
  title={Magnetic buoyancy and the escape of magnetic fields from stars},
  author={Parker, E.N.},
  journal={The Astrophysical Journal},
  volume={281},
  pages={839--845},
  year={1984}
}
@article{Sp81Equa,
  title={Equations for thin flux tubes in ideal MHD},
  author={Spruit, H.C.},
  journal={Astronomy and Astrophysics},
  volume={102},
  pages={129--133},
  year={1981}
}
@book{roulstonenorbury,
  title={Invisible in the storm: the role of mathematics in understanding weather},
  author={Roulstone, I. and Norbury, J.},
  year={2013},
  publisher={Princeton University Press}
}
@book{garckegriebel,
  title={Sparse Grids and Applications},
  author={Garcke, J. and Griebel, M.},
  year={2013},
  publisher={Springer}
}
@article{Al03Plas,
  title={{Plasma response models for current, shape and position control in JET}},
  author={Albanese, R. and Calabro, G. and Mattei, M. and Villone, F.},
  journal={{Fusion Engineering and Design}},
  volume={66--68},
  pages={715--718},
  year={2003}
}
@inproceedings{He05Redu,
  title={Reduce: The first forty years},
  author={Hearn, A.C.},
  booktitle={Algorithmic Algebra and Logic. Proceedings of the A3L},
  editor={{Dolzmann, A. and Seidl, A. and Sturm, T.}}, 
  pages={19--24},
  publisher={Books on Demand, Norderstedt},
  year={2005}
}
@book{kantzschreiber,
  title={Nonlinear time series analysis},
  author={Kantz, H. and Schreiber, T.},
  year={2004},
  publisher={Cambridge University Press}
}
@article{Ca14Over,
  title={{Overview of manifold learning techniques for the investigation
of disruptions on JET}},
  author="{Cannas, B. and Fanni, A. and Murari, A. and Pau, A. and Sias, G. and {JET EFDA Contributors}}",
  journal={{Plasma Physics and Controlled Fusion}},
  volume={submitted},
  year={2014}
}
@article{Pe02imme,
  title={The immersed boundary method},
  author={Peskin, C.S.},
  journal={Acta Numerica},
  volume={11},
  pages={479--517},
  year={2002}
}
@article{Gu05Mode,
  title={Modelling of heat transport in magnetised plasmas using non-aligned coordinates},
  author={G{\"u}nter, S. and Yu, Q. and Kr{\"u}ger, J. and Lackner, K.},
  journal={Journal of Computational Physics},
  volume={209},
  number={1},
  pages={354--370},
  year={2005}
}
@book{osherfedkiw,
  title={Level set methods and dynamic implicit surfaces},
  author={Osher, S. and Fedkiw, R.},
  year={2003},
  publisher={Springer}
}
@article{Um09Stat,
  title={{Status and verification of edge plasma turbulence code BOUT}},
  author={Umansky, M.V. and Xu, X.Q. and Dudson, B. and LoDestro, L.L. and Myra, J.R.},
  journal={Computer Physics Communications},
  volume={180},
  number={6},
  pages={887--903},
  year={2009}
}
@article{Xu08Boun,
  title={Boundary plasma turbulence simulations for tokamaks},
  author={Xu, X.Q. and Umansky, M.V. and Dudson, B. and Snyder, P.B.},
  journal={Communications in Computational Physics},
  volume={4},
  pages={949--979},
  year={2008}
}
@phdthesis{chin,
  title={Stabilization methods for simulations of constrained multibody dynamics},
  author={Chin, H.S.},
  year={1995},
  note={\url{http://www99.iam.ubc.ca/theses/HongShengChin/HSChin\_PhD\_Thesis.pdf}},
  school={University of British Columbia}
}
@article{Ca93expl,
  title={An explicit symplectic integration scheme for plasma simulations},
  author={Cary, J.R. and Doxas, I.},
  journal={Journal of Computational Physics},
  volume={107},
  number={1},
  pages={98--104},
  year={1993}
}
@article{Wh03Hami,
  title={Hamiltonian guiding center equations in toroidal magnetic configurations},
  author={White, R. and Zakharov, L.E.},
  journal={Physics of Plasmas},
  volume={10},
  pages={573},
  year={2003}
}
@article{Pi98HAGI,
  title={{The HAGIS self-consistent nonlinear wave-particle interaction model}},
  author={Pinches, S.D.  and Appel, L.C.  and Candy, J. and Sharapov, S.E.  and Berk, H.L.  and Borba, D. and Breizman, B.N.  and Hender, T.C.  and Hopcraft, K.I.  and Huysmans, G.T.A. and Kerner, W.},
  journal={Computer Physics Communications},
  volume={111},
  number={1},
  pages={133--149},
  year={1998}
}
@article{Ro95Orbi,
  title={Orbit topology in conventional stellarators in the presence of electric fields},
  author={Rome, J.A.},
  journal={{Nuclear Fusion}},
  volume={35},
  number={2},
  pages={195--206},
  year={1995},
}
@misc{El13Vari,
  title={Variational Symplectic Integration of Guiding Center Orbits},
  author={Ellison, C.L. and Qin, H. and Tang, W.M. and Finn, J.M.},
  note={{Undated presentation, http://w3fusion.ph.utexas.edu/~jift2012/uploads/20Ellison.pdf}}
}
@misc{El13Nonc,
  title={{Non-canonical Symplectic Integration of Guiding
Center Orbits}},
  author={Ellison, C.L. and Finn, J.M. and Qin, H. and Tang, W.M.},
  note={{Presentation at APS Meeting, November 12, 2013}}
}
@misc{Du10Turb,
  title={{Turbulent Transport in the Plasma Edge}},
  author={Dudson, B.D. and Umansky, M.V. and Xu, X.Q. and Snyder, P.B. and Wilson, H.R.},
  note={{6th GOTiT High Level Course, 27 May, 2010}}
}
@misc{Du09ITPA,
  title={{BOUT++ modelling of ELMs}},
  author={Dudson, B.D. and Umansky, M.V. and Xu, X.Q. and Snyder, P.B. and Wilson, H.R.},
  note={{ITPA Pedestal Group Meeting, 21 April, 2009}}
}
@techreport{Du13BOUT,
  title={{BOUT++ Users Manual}},
  author={Dudson, B.},
  institution={University of York},
  year={{July 14, 2013}},
  note={{www-users.york.ac.uk/~bd512/bout/user\_manual.pdf}}
}
@techreport{Ca11Mono,
  title={Monotone coercive cell-centered finite volume schemes for anisotropic diffusion equations},
  author={Canc{\`e}s, C. and Cathala, M. and Le Potier, C.},
  number={hal-00643838},
  institution={archives-ouvertes.fr},
  year={2011}
}
@article{Sh07Pres,
  title={Preserving monotonicity in anisotropic diffusion},
  author={Sharma, P. and Hammett, G.W.},
  journal={Journal of Computational Physics},
  volume={227},
  number={1},
  pages={123--142},
  year={2007}
}
@article{Bi133DFi,
  title={{A 3D finite volume scheme for the simulation of edge plasma in Tokamaks}},
  author={Bilanceri, M. and Combe, L. and Guillard, H. and Nkonga, B. and Sangam, A.},
  journal={ESAIM: Proceedings},
  volume={43},
  pages={164--179},
  year={2013}
}
@article{Ve12disc,
  title={The discrete maximum principle for Galerkin solutions of elliptic problems},
  author={Vejchodsk{\`y}, T.},
  journal={Central European Journal of Mathematics},
  volume={10},
  number={1},
  pages={25--43},
  year={2012}
}
@article{Tr09robu,
  title={A robust and efficient finite volume scheme for the discretization of diffusive flux on extremely skewed meshes in complex geometries},
  author={Traor{\'e}, P. and Ahipo, Y.M. and Louste, C.},
  journal={Journal of Computational Physics},
  volume={228},
  number={14},
  pages={5148--5159},
  year={2009}
}
@article{Ku09cons,
  title={A constrained finite element method satisfying the discrete maximum principle for anisotropic diffusion problems},
  author={Kuzmin, D. and Shashkov, M.J. and Svyatskiy, D.},
  journal={Journal of Computational Physics},
  volume={228},
  number={9},
  pages={3448--3463},
  year={2009}
}
@article{Co99Conv,
  title={Convergence rate of a finite volume scheme for a two dimensional convection-diffusion problem},
  author={Coudi{\`e}re, Y. and Vila, J.-P. and Villedieu, P.},
  journal={ESAIM: Mathematical Modelling and Numerical Analysis},
  volume={33},
  number={03},
  pages={493--516},
  year={1999}
}
@article{Pl11Mode,
  title={Modelling nonlinear hydroelastic waves},
  author={Plotnikov, P.I. and Toland, J.F.},
  journal={Philosophical Transactions of the Royal Society A: Mathematical, Physical and Engineering Sciences},
  volume={369},
  number={1947},
  pages={2942--2956},
  year={2011}
}
@misc{To13Priv,
  author={Toland, J.F.},
  note={Talk at Oxbridge PDE Days},
  year=2013
}
@techreport{To13Ener,
  title="{Energy-Minimising Parallel Flows with Prescribed Vorticity Distribution}",
  author={Toland, J.F.},
  institution={Isaac Newton Institute Preprint},
  number={NI13010},
  year=2013
}
@techreport{To13None,
  title="{Non-existence of Global Energy-Minimisers in Stokes Wave Problems}",
  author={Toland, J.F.},
  institution={Isaac Newton Institute Preprint},
  number={NI13011},
  year=2013
}
@article{Ts82Magn,
  title={{Magnetohydrodynamic equilibrium. II-General integrals of the equations with one ignorable coordinate}},
  author={Tsinganos, K.C.},
  journal={The Astrophysical Journal},
  volume={252},
  pages={775--790},
  year={1982}
}
@article{Bl99Mode ,
title = {Modelling photospheric magnetoconvection},
journal = {Monthly Notices of the Royal Astronomical Society},
author = {Blanchflower, S.M. and Rucklidge, A.M. and Weiss, N.O.},
volume = { 301},
number = { 3},
year = {1998/12/11},
pages = {593 - 608},
} 
@article{Pr82Magn,
  title={Magnetoconvection},
  author={Proctor, M.R.E. and Weiss, N.O.},
  journal={Reports on Progress in Physics},
  volume={45},
  number={11},
  pages={1317--1379},
  year={1982}
}
@book{leveque,
  title={Finite volume methods for hyperbolic problems},
  author={LeVeque, R.J.},
  year={2002},
  publisher={{Cambridge University Press}}
}
@book{shyyetal,
  title={Computational fluid dynamics with moving boundaries},
  author={Shyy, W. and Udaykumar, H.S. and Rao, M.M. and Smith, R.W.},
  publisher={Dover},
  year={2007}
}
@article{Dr11Cons,
  title={Construction and convergence study of schemes preserving the elliptic local maximum principle},
  author={Droniou, J. and Le Potier, C.},
  journal={SIAM Journal on Numerical Analysis},
  volume={49},
  number={2},
  pages={459--490},
  year={2011}
}
@incollection{EGHbook,
  title={Finite volume methods},
  author={Eymard, R. and Gallou{\"e}t, T. and Herbin, R.},
  booktitle={Handbook of Numerical Analysis},
  editor={Ciarlet, P.G. and Lions, J.L.},
  volume={7},
  pages={713--1018},
  publisher={North-Holland},
  year={2000}
}
@article{Ey06cell,
  title={A cell-centred finite-volume approximation for anisotropic diffusion operators on unstructured meshes in any space dimension},
  author={Eymard, R. and Gallou{\"e}t, T. and Herbin, R.},
  journal={IMA Journal of Numerical Analysis},
  volume={26},
  number={2},
  pages={326--353},
  year={2006}
}
@book{liito,
  title={The immersed interface method: numerical solutions of PDEs involving interfaces and irregular domains},
  author={Li, Z. and Ito, K.},
  year={2006},
  publisher={{SIAM}}
}
@article{Si04erra,
  title={Erratum:Drift-ordered fluid equations for field-aligned modes in low-$\beta$ collisional plasma with equilibrium pressure pedestals},
  author={Simakov, A.N. and Catto, P.J.},
  journal={Physics of Plasmas},
  volume={11},
  pages={2326},
  year={2004}
}
@article{Si04Drif,
  title={Drift-ordered fluid equations for modelling collisional edge plasma},
  author={Simakov, A.N. and Catto, P.J.},
  journal={Contributions to Plasma Physics},
  volume={44},
  number={1-3},
  pages={83--94},
  year={2004}
}
@article{Si03Drif,
  title={Drift-ordered fluid equations for field-aligned modes in low-$\beta$ collisional plasma with equilibrium pressure pedestals},
  author={Simakov, A.N. and Catto, P.J.},
  journal={Physics of Plasmas},
  volume={10},
  pages={4744},
  year={2003}
}
@article{Sc01Shif,
  title={{Shifted metric procedure for flux tube treatments of toroidal geometry: Avoiding grid deformation}},
  author={Scott, B.D.},
  journal={{Physics of Plasmas}},
  volume={8},
  pages={447--458},
  year={2001}
}
@article{Ke06Flux,
  title={Flux-surface shaping effects on tokamak edge turbulence and flows},
  author={Kendl, A. and Scott, B.D.},
  journal={Physics of plasmas},
  volume={13},
  pages={012504},
  year={2006}
}
@book{ascherpetzold,
  title={Computer methods for ordinary differential equations and differential-algebraic equations},
  author={Ascher, U.M. and Petzold, L.R.},
  year={1998},
  publisher={{SIAM}}
}
@article{As97Stab,
  title={Stabilization of invariants of discretized differential systems},
  author={Ascher, U.M.},
  journal={Numerical Algorithms},
  volume={14},
  number={1-3},
  pages={1--24},
  year={1997}
}
@article{St94Neut,
  title={{Neutral gas transport modeling with DEGAS 2}},
  author={Stotler, D. and Karney, C.},
  journal={{Contributions to Plasma Physics}},
  volume={34},
  number={2-3},
  pages={392--397},
  year={1994}
}
@article{Ch06Self,
  title={Self-consistent plasma modelling by Monte Carlo test particles},
  author={Christiansen, J.P. and Connor, J.W.},
  journal={{Plasma Physics and Controlled Fusion}},
  volume={48},
  number={10},
  pages={1551--1572},
  year={2006}
}
@inproceedings{Al88Anal,
  title={{Analysis of the plasma equilibrium evolution in the presence
of circuits and massive conducting structures}},
  author={Albanese, R.},
  booktitle={Fusion Technology 1988},
  editor={{Van Ingen, A.M. and  Nijsen-Vis, A. and Klippel, H.T.}},
  pages={281--286},
  year={1988},
  publisher={Elsevier}
}
@article{Lo07Powe,
  title={Power and particle control},
  author={Loarte, A. and Lipschultz, B. and Kukushkin, A.S. and Matthews, G.F. and Stangeby, P.C. and Asakura, N. and Counsell, G.F. and Federici, G. and Kallenbach, A. and Krieger, K. and others},
  journal={Nuclear Fusion},
  volume={47},
  number={6},
  pages={S203},
  year={2007}
}
@misc{gcunn,
  author = {Cunningham, G.},
  note = {Private Communication},
  year = {2012}
}
@article{Go12Heur,
  title={{Heuristic drift-based model of the power scrape-off width in low-gas-puff H-mode tokamaks}},
  author={Goldston, R.J.},
  journal={Nuclear Fusion},
  volume={52},
  number={1},
  pages={013009},
  year={2012}
}
@article{Ma13Elec,
  title={{Electromagnetic Model of Plasma Breakdown in the JET tokamak}},
  author="{Maviglia, F. and Albanese, R. and Magistris, M. de and Lomas, P.J.,
and Minucci, S. and Rimini, F.G. and Sips, A.C.C. and  Vries, P. De
and {JET EFDA Contributors} }",
  journal={IEEE Transactions on Magnetics},
  volume={50},
  number={2},
  pages={937--940},
  year={2014}
}
@article{Mi99Heat,
  title={{Heat flux deposition on plasma-facing components using a convective model with ripple and Shafranov shift}},
  author={Mitteau, R. and Moal, A. and Schlosser, J. and Guilhem, D.},
  journal={Journal of Nuclear Materials},
  volume={266},
  pages={798--803},
  year={1999}
}
@article{Mc90Shap,
  title={{Shaping of the plasma facing surfaces of the ALT-II full toroidal belt limiter}},
  author={McGrath, R.T.},
  journal={{Fusion Engineering and Design}},
  volume={13},
  number={3},
  pages={267--282},
  year={1990}
}
@article{Fi13MAST,
  title={{MAST contributions to the exhaust challenge, including testing of Super-X}},
  author={Fishpool, G. and Allan, S. and Canik, J. and Elmore, S. and Fundamenski, W. and Harrison, J. and Havlickova, E. and Kirk, A. and Militello, F. and Molchanov, P. and Rozhansky, V. and Thornton, A. and MAST team, the},
  journal={{Nuclear Fusion}},
  volume={Accepted for publication},
  year={2013}
}
@article{Ar66geom,
  title={Sur la g{\'e}om{\'e}trie diff{\'e}rentielle des groupes de Lie de dimension infinie et ses applications {\`a} l'hydrodynamique des fluides parfaits},
  author={Arnold, V.},
  booktitle={Annales de l'institut Fourier},
  volume={16},
  number={1},
  pages={319--361},
  year={1966}
}
@book{rangaiah,
  title={Stochastic global optimization: techniques and applications in chemical engineering},
  author={Rangaiah, G.P.},
  year={2010},
  publisher={World Scientific}
}
@article{nocedalwright,
  title={{Numerical Optimization 2nd Ed.}},
  author={Nocedal, J. and Wright, S.},
  journal={Springer, New York},
  year={2006}
}
@book{rangaiahbonilla,
  title={{Multi-Objective Optimization: Developments and Chemical Engineering Applications}},
  author={Rangaiah, G.P. and Bonilla-Petriciolet, A.},
  year={2013},
  publisher={John Wiley \& Sons}
}
@book{bazaraasheralishetty,
  title={{Nonlinear programming: theory and algorithms 3rd Ed.}},
  author={Bazaraa, M.S. and Sherali, H.D. and Shetty, C.M.},
  year={2013},
  publisher={John Wiley \& Sons}
}
@book{avriel,
  title={{Nonlinear Programming}},
  author={Avriel, M.},
  year={2003},
  publisher={Dover}
}
@book{luenbergerye,
 title={Linear and nonlinear programming 2nd Ed.}, 
 author={Luenberger, D.G. and Ye, Y.},
 year={2008},
 publisher={Springer} 
} 
@article{Ko073Ded,
  title={{3D edge transport analysis of ITER start-up configuration for limiter power load assessment}},
  author={Kobayashi, M. and Feng, Y. and Loarte, A. and Federici, G. and Strohmayer, G. and Shimada, M. and Sardei, F. and Reiter, D. and Sugihara, M.},
  journal={{Nuclear Fusion}},
  volume={47},
  number={2},
  pages={61--73},
  year={2007}
}
@article{Pa00Extr,
  title = {Extracting dynamics from threshold-crossing interspike intervals: Possibilities and limitations},
  author = {Pavlov, Alexey N. and Sosnovtseva, Olga V. and Mosekilde, Erik and Anishchenko, Vadim S.},
  journal = {Phys. Rev. E},
  volume = {61},
  issue = {5},
  pages = {5033--5044},
  year = {2000},
  month = {May},
  doi = {10.1103/PhysRevE.61.5033}
}
@article{eckmann1986liapunov,
  title={Liapunov exponents from time series},
  author={Eckmann, Jean-Pierre and Kamphorst, S Oliffson and Ruelle, David and Ciliberto, S and others},
  journal={Physical Review A},
  volume={34},
  number={6},
  pages={4971--4979},
  year={1986}
}
@book{anishchenkoetal,
  title={Nonlinear dynamics of chaotic and stochastic systems: tutorial and modern developments},
  author={Anishchenko, V.S. and Astakhov, V. and Vadivasova, T.},
  year={2007},
  publisher={Springer}
}
@article{Hi09Repr,
author = {Hirata, Y. and Aihara, K.},
title = "Representing spike trains using constant sampling intervals ",
journal = "Journal of Neuroscience Methods ",
volume = "183",
number = "2",
pages = "277 - 286",
year = "2009",
doi = "http://dx.doi.org/10.1016/j.jneumeth.2009.06.030"
}
@article{Ec92Fund,
author = "J.-P. Eckmann and D. Ruelle",
title = "Fundamental limitations for estimating dimensions and Lyapunov exponents in dynamical systems ",
journal = "Physica D: Nonlinear Phenomena ",
volume = "56",
number = "2-3",
pages = "185 - 187",
year = "1992",
doi = "http://dx.doi.org/10.1016/0167-2789(92)90023-G"
}
@TECHREPORT{cdmu00038,
  AUTHOR = {Barrett, T.},
  TITLE = "{Neutral Beam Physics and Beamline Position Parameters}",
  NUMBER = "{CD/MU/00038}",
  INSTITUTION={CCFE},
  YEAR = 2012
}
@TECHREPORT{MAGNET-vME,
  AUTHOR = {Day, I.},
  TITLE = "{MAGNET-vME.doc}",
  NUMBER = "{Email 6/7/7}",
  INSTITUTION={CCFE},
  YEAR = 2007
}
@TECHREPORT{cdmu01129,
  AUTHOR = {Fishpool, G.},
  TITLE = "{A Model for the Private Region Flux Power in SMARDDA}",
  NUMBER = "{CD/MU/01129}",
  INSTITUTION={CCFE},
  YEAR = 2013
}
@TECHREPORT{cdmu01521,
  AUTHOR = {Fishpool, G.},
  TITLE = "{Medium Delta Outer Strike Point T2 Equilibrium}",
  NUMBER = "{CD/MU/01521}",
  INSTITUTION={CCFE},
  YEAR = 2013
}
@TECHREPORT{cdmu01017,
  AUTHOR = {Fishpool, G.},
  TITLE = "{PFC Design Issues from Reference Conditions and Equilibria for Strike Points on Centre Column and T1}",
  NUMBER = "{CD/MU/01017}",
  INSTITUTION={CCFE},
  YEAR = 2013
}
@article{Ei11Inte,
  title={{Inter-ELM Power Decay Length for JET and ASDEX Upgrade: Measurement and Comparison with Heuristic Drift-Based Model}},
  author={Eich, T. and Sieglin, B. and Scarabosio, A. and Fundamenski, W. and Goldston, R.J. and Herrmann, A.},
  journal={Physical Review Letters},
  volume={107},
  number={21},
  pages={215001},
  year={2011}
}
@article{Ri11appr,
  title={The approximate arithmetical solution by finite differences of physical problems involving differential equations, with an application to the stresses in a masonry dam},
  author={Richardson, L.F.},
  journal={Philosophical Transactions of the Royal Society of London. Series A, Containing Papers of a Mathematical or Physical Character},
  volume={210},
  pages={307--357},
  year={1911}
}
@article{Ma78Adap,
  title={Adaptive procedure for estimating parameters for the nonsymmetric Tchebychev iteration},
  author={Manteuffel, T.A.},
  journal={Numerische Mathematik},
  volume={31},
  number={2},
  pages={183--208},
  year={1978}
}
@article{Ma77Tche,
  title={The Tchebychev iteration for nonsymmetric linear systems},
  author={Manteuffel, T.A.},
  journal={Numerische Mathematik},
  volume={28},
  number={3},
  pages={307--327},
  year={1977}
}
@article{An04Effi,
  title={Efficient parameter estimation for a highly chaotic system},
  author={Annan, J.D. and Hargreaves, J.C.},
  journal={Tellus A},
  volume={56},
  number={5},
  pages={520--526},
  year={2004}
}
@article{Ko05Obse,
  title={{Observation of the palm tree mode, a new MHD mode excited by type-I ELMs on JET}},
  author={Koslowski, H.R. and Alper, B. and Borba, D.N. and Eich, T. and Sharapov, S.E. and Perez, C.P. and Westerhof, E. and others},
  journal={Nuclear Fusion},
  volume={45},
  number={3},
  pages={201},
  year={2005}
}
@article{Ch13Towa,
  title={Towards understanding edge localised mode mitigation by resonant magnetic perturbations in MAST},
  author={Chapman, I.T. and Kirk, A. and Ham, C.J. and Harrison, J.R. and Liu, Y.Q. and Saarelma, S. and Scannell, R. and Thornton, A.J. and Becoulet, M. and Orain, F. and others},
  journal={Physics of Plasmas},
  volume={20},
  pages={056101},
  year={2013}
}
@book{lovelockrund,
  author={Lovelock, D. and Rund, H.},
  title={{Tensors, Differential Forms and Variational Principles}},
  publisher={Dover, New York},
  year={1988}
}
@book{majdaharlim,
  title={Filtering complex turbulent systems},
  author={Majda, A.J. and Harlim, J.},
  year={2012},
  publisher={Cambridge University Press}
}
@book{sedov,
  title={Similarity and dimensional methods in mechanics},
  author={Sedov, L.I.},
  year={1993},
  publisher={CRC}
}
@article{Hi83Stee,
  title={Steepest-descent moment method for three-dimensional magnetohydrodynamic equilibria},
  author={Hirshman, S.P. and Whitson, J.C.},
  journal={Physics of Fluids},
  volume={26},
  pages={3553},
  year={1983}
}
@article{Ma12Fini,
  title={Finite deformation in ideal magnetohydrodynamics},
  author={MacTaggart, D.},
  journal={Astronomy and Astrophysics},
  volume={542},
  pages={A97},
  year={2012}
}
@book{hairernorsettwanner,
  title={{Solving Ordinary Differential Equations I}},
  author={Hairer, E. and Norsett, S.P. and Wanner,G.},
  year={1987},
  publisher={Springer-Verlag, Berlin}
}
@book{wannerhairer2,
  title={{Solving Ordinary Differential Equations II}},
  author={Wanner, G and Hairer, E},
  year={1991},
  publisher={Springer-Verlag, Berlin}
}
@book{kunkelmehrmann,
  title={Differential-algebraic equations: analysis and numerical solution},
  author={Kunkel, P. and Mehrmann, V.L.},
  year={2006},
  publisher={European Mathematical Society}
}
@article{So03Digi,
  title={Digital filters in adaptive time-stepping},
  author={S{\"o}derlind, G.},
  journal={ACM Transactions on Mathematical Software (TOMS)},
  volume={29},
  number={1},
  pages={1--26},
  year={2003}
}
@article{Gu91Cont,
  title={{Control theoretic techniques for stepsize selection in explicit Runge-Kutta methods}},
  author={Gustafsson, K.},
  journal={ACM Transactions on Mathematical Software (TOMS)},
  volume={17},
  number={4},
  pages={533--554},
  year={1991}
}
@article{Gu88PISt,
  title={{API stepsize control for the numerical solution of ordinary differential equations}},
  author={Gustafsson, K. and Lundh, M. and S{\"o}derlind, G.},
  journal={BIT Numerical Mathematics},
  volume={28},
  number={2},
  pages={270--287},
  year={1988}
}
@book{gilbert,
  title={Stretch, twist, fold: the fast dynamo},
  author={Gilbert, A.D.},
  publisher={Springer Verlag},
  year={1995}
}
@article{Kl95Rigo,
  title={Rigorous bounds on the fast dynamo growth rate involving topological entropy},
  author={Klapper, I. and Young, L.S.},
  journal={{Communications in Mathematical Physics}},
  volume={173},
  number={3},
  pages={623--646},
  year={1995}
}

@book{fecko,
  title={{Differential geometry and Lie groups for physicists}},
  author={Fecko, M.},
  year={2006},
  publisher={Cambridge University Press}
}
@book{frankel,
  title={{The geometry of physics: an introduction}},
  author={Frankel, T.},
  year={2011},
  publisher={Cambridge University Press}
}
@article{Gi03Dyna,
  title={Dynamo theory},
  author={Gilbert, A.D.},
  journal={Handbook of mathematical fluid dynamics},
  volume={2},
  pages={355--441},
  year={2003},
  publisher={Elsevier}
}

@article{Ka82RayT,
  title={Ray tracing parametric patches},
  author={Kajiya, J.T.},
  journal={Computer Graphics},
  volume={16},
  number={3},
  pages={245-254},
  year={1982}
}

@book{wendland,
  title={Scattered data approximation},
  author={Wendland, H.},
  year={2005},
  publisher={Cambridge University Press}
}

@book{bodenheimer,
  title={{Numerical Methods in Astrophysics: An Introduction}},
  author={Bodenheimer, P.},
  year={2007},
  publisher={CRC Press}
}

@article{Ri12Symp,
  title={Symplectic integrators with adaptive time steps},
  author={Richardson, A.S. and Finn, J.M.},
  journal={Plasma Physics and Controlled Fusion},
  volume={54},
  number={1},
  pages={014004},
  year={2012}
}

@article{So06Time,
  title={{Time-step selection algorithms: Adaptivity, control, and signal processing}},
  author={S{\"o}derlind, Gustaf},
  journal={Applied numerical mathematics},
  volume={56},
  number={3},
  pages={488--502},
  year={2006}
}

@article{Ke00Lows,
  title={{Low-storage, explicit Runge--Kutta schemes for the compressible Navier--Stokes equations}},
  author={Kennedy, C A and Carpenter, M H and Lewis, R M},
  journal={Applied numerical mathematics},
  volume={35},
  number={3},
  pages={177--219},
  year={2000}
}

@article{Ve12ISDE,
  title={{ISDEP: Integrator of stochastic differential equations for plasmas}},
  author={Velasco, JL and Bustos, A and Castej{\'o}n, F and Fern{\'a}ndez, LA and Martin-Mayor, V and Taranc{\'o}n, A},
  journal={Computer Physics Communications},
  volume={183},
  number={9},
  pages={1877--1883},
  year={2012}
}

@article{Ke08Proj,
  title={Projected pseudotransient continuation},
  author={Kelley, CT and Liao, L.Z. and Qi, L. and Chu, M.T. and Reese, JP and Winton, C},
  journal={SIAM Journal on Numerical Analysis},
  volume={46},
  number={6},
  pages={3071--3083},
  year={2008}
}

@book{evensen,
  title={Data assimilation: the ensemble Kalman filter},
  author={Evensen, G.},
  year={2009},
  publisher={Springer}
}
@book{laug,
  title={LAPACK Users Guide, 3rd Edition},
  author={Anderson, E and Bai, Z and Bischof, C and Blackford, S and Demmel, J and Dongarra, JJ and Du Croz, JJ and Greenbaum, A and Hammarling, S and McKenney, A and Sorensen, D},
  year={1999},
  publisher={SIAM, Philadelphia}
}

@article{Al11adap,
  title={An Adaptive Algorithm for Real-Time Multi-Tone Estimation and Frequency Tracking of Non-Stationary Signals},
  author={Alves, D and Coelho, R},
  journal={IEEE Transactions on Nuclear Science},
  volume={58},
  number={4},
  pages={1582--1587},
  year={2011}
}
@inproceedings{So12Real,
  title="{A real-time system for data acquisition, elaboration and actuator's control for magnetohydrodynamics instabilities in the FTU tokamak}",
  author={Sozzi, C and Alessi, E and Boncagni, L and Galperti, C and Marchetto, C and Nowak, S and Bin, W and Botrugno, A and Bruschi, A and Cirant, S and others},
  booktitle={IEEE 51st Annual Conference on Decision and Control (CDC)},
  pages={4353--4358},
  year={2012},
  publisher={IEEE}
}
@techreport{Gi13Capt,
  title="{Capturing intermittent and low-frequency variability in high-dimensional data through nonlinear Laplacian spectral analysis}",
  author={Giannakis, D.},
  institution={Center for Atmosphere Ocean Science, Courant Institute of Mathematical Sciences, NYU},
  number="{Adaptive Data Analysis and Sparsity IPAM, 01/31/2013}",
  note="{https://www.ipam.ucla.edu/publications/ada2013/ada2013\_10533.pdf}",
  year={2013}
  }
@article{Co06Diff,
  title={Diffusion maps},
  author={Coifman, R.R. and Lafon, S.},
  journal={Applied and Computational Harmonic Analysis},
  volume={21},
  number={1},
  pages={5--30},
  year={2006}
}
@article{Gi12Nonl,
  title="{Nonlinear Laplacian spectral analysis for time series with intermittency and low-frequency variability}",
  author={Giannakis, D. and Majda, A.J.},
  journal={Proceedings of the National Academy of Sciences},
  volume={109},
  number={7},
  pages={2222--2227},
  year={2012}
}
@book{vonmises,
  title={Mathematical Theory of Compresssible Fluid Flow},
  author={von Mises, R.},
  year={1958},
  publisher={Academic Press}
}
@book{schrijversiscoe2,
  title={Heliophysics: Space Storms and Radiation: Causes and Effects},
  author={Schrijver, C.J. and Siscoe, G.L.},
  year={2010},
  publisher={Cambridge University Press}
}

@book{schrijversiscoe,
  title={Heliophysics: plasma physics of the local cosmos},
  editor={Schrijver, C.J. and Siscoe, G.L.},
  publisher={Cambridge University Press},
  year={2009}
}

@book{leimkuhlerreich,
  title={Simulating hamiltonian dynamics},
  author={Leimkuhler, B. and Reich, S.},
  year={2005},
  publisher={Cambridge University Press}
}

@article{Ni01Recu,
  title={{Recurrent flare/CME events from an emerging flux region}},
  author={Nitta, N.V. and Hudson, H.S.},
  journal={Geophysics Research Letters},
  volume={28},
  number={19},
  pages={3801},
  year={2001}
}

@article{Po12LowR,
  title={{Low Rm MHD turbulence: the role of boundaries}},
  author={Poth{\'e}rat, A.},
  journal={Magnetohydrodynamics},
  volume={48},
  number={1},
  pages={13--23},
  year={2012}
}

@article{Lo04magn,
  title={A magnetocaloric pump for microfluidic applications},
  author={Love, L.J. and Jansen, J.F. and McKnight, T.E. and Roh, Y. and Phelps, T.J.},
  journal={IEEE Transactions on NanoBioscience},
  volume={3},
  number={2},
  pages={101--110},
  year={2004}
}
@article{Ng12Micr,
  title={Micro-magnetofluidics: interactions between magnetism and fluid flow on the microscale},
  author={Nguyen, N.T.},
  journal={Microfluidics and Nanofluidics},
  volume={12},
  number={1-4},
  pages={1--16},
  year={2012}
}


@article{Be09Effe,
  title={Effects of a transverse, horizontal magnetic field on natural convection of a paramagnetic fluid in a cube},
  author={Bednarz, T.P. and Lei, C. and Patterson, J.C. and Ozoe, H.},
  journal={International Journal of Thermal Sciences},
  volume={48},
  number={1},
  pages={26--33},
  year={2009}
}

@article{Ad10Reac,
  title={Reactors redux},
  author={Adee, S. and Guizzo, E.},
  journal={IEEE Spectrum},
  volume={47},
  number={8},
  pages={25--32},
  year={2010}
}

@article{Mo00Liqu,
  title={Liquid magnetohydrodynamics:recent progress and future directions for fusion},
  author={Morley, N.B. and Smolentsev, S. and Barleon, L. and Kirillov, I.R. and Takahashi, M.},
  journal={Fusion Engineering and Design},
  volume={51},
  pages={701--713},
  year={2000}
}

@article{Be09Scal,
  title={{Scaling for unsteady thermo-magnetic convection boundary layer of paramagnetic fluids of $Pr>1$ in micro-gravity conditions}},
  author={Bednarz, T.P. and Lin, W. and Patterson, J.C. and Lei, C. and Armfield, S.W.},
  journal={International Journal of Heat and Fluid Flow},
  volume={30},
  number={6},
  pages={1157--1170},
  year={2009}
}

@article{Ma12Spat,
  title={Spatial periodic forcing can displace patterns it is intended to control},
  author={Mau, Y. and Hagberg, A. and Meron, E.},
  journal={Physical Review Letters},
  volume={109},
  number={3},
  pages={034102},
  year={2012}
}

@article{Su12Therm,
  title={Thermomagnetic convective flows in a vertical layer of ferrocolloid: Perturbation energy analysis and experimental study},
  author={Suslov, S.A. and Bozhko, A.A. and Sidorov, A.S. and Putin, G.F.},
  journal={Physical Review E},
  volume={86},
  number={1},
  pages={016301},
  year={2012}
}
@book{yumittrasuliuyang,
title={Parallel finite-difference time-domain method},
author={Yu, W. and Mittra, R. and Su, T. and Liu, Y. and Yang, X.},
year={2006},
publisher={Artech House}
} 
@article{Al09Spac,
  title={A Space-Time Expansion Discontinuous Galerkin Scheme With Local Time Stepping for the Ideal and Viscous MHD Equations},
  author={Altmann, C. and Gassner, G. and Lorcher, F. and Munz, C.D.},
  journal={IEEE Transactions on Plasma Science},
  volume={37},
  number={4},
  pages={513--519},
  year={2009}
}
@article{Ho09mixe,
  title={A mixed DG method for linearized incompressible magnetohydrodynamics},
  author={Houston, P. and Sch{\"o}tzau, D. and Wei, X.},
  journal={Journal of Scientific Computing},
  volume={40},
  number={1},
  pages={281--314},
  year={2009}
}

@inproceedings{Kh12Infl,
  title={Influence of the Frequency of the Applied AC Current on the Electroslag Remelting Process},
  author={Kharicha, A. and Wu, M. and Ludwig, A. and Ramprecht, M. and Holzgruber, H.},
  booktitle={CFD Modeling and Simulation in Materials Processing},
  editor={Nastac, L. and et al.},
  pages={139--146},
  publisher={John Wiley \& Sons Inc},
  year={2012}
}
@inproceedings{Bo12Mode,
  title={Modeling Magnetically Excited and Magnetically Damped Liquid Metal Flow},
  author={Bojarevics, V. and Pericleous, K.},
  pages={243--252},
  booktitle={CFD Modeling and Simulation in Materials Processing},
  editor={Nastac, L. and et al.},
  publisher={John Wiley \& Sons Inc},
  year={2012}
}

@book{lappa,
  title={{Thermal Convection: Patterns, Evolution and Stability}},
  author={Lappa, M.},
  year={2010},
  publisher={John Wiley \& Sons Inc}
}

@article{Al96Asym,
  title={{Asymptotic analysis and symmetry in MHD convection}},
  author={Alboussiere, T. and Garandet, J.P. and Moreau, R.},
  journal={Physics of Fluids},
  volume={8},
  pages={2215},
  year={1996}
}

@ARTICLE{Co01Natu,
  author = {{Cowley}, M.~D. and {Maclean}, D.~J. and {Alboussiere}, T.}, 
  title = "{Natural convection in rectangular enclosures of arbitrary orientation with magnetic field vertical - problem revisited}",
  journal = {Magnetohydrodynamics}, 
  year = 2001,
  month = jun,
  volume = 37,
  pages = {135-142}
} 
@book{fundamenski,
  title={Power Exhaust in Fusion Plasmas},
  author={Fundamenski, W.},
  year={2010},
  publisher={Cambridge Univ Press}
}

@book{diamonditoh2,
  title={{Modern Plasma Physics: Volume 1, Physical Kinetics of Turbulent Plasmas}},
  author={Diamond, P.H. and Itoh, S.I. and Itoh, K.},
  year={2010},
  publisher={Cambridge Univ Press}
}
@article{Du12Patt,
  title = {Patterning metallic electrodeposits with magnet arrays},
  author = {Dunne, P. and Coey, J. M. D.},
  journal = {Physical Review B},
  volume = {85},
  number = {22},
  pages = {224411},
  year = {2012}
}

@article{Cl11Adap,
  title={Adaptivity and a Posteriori Error Control for Bifurcation Problems II: Incompressible Fluid Flow in Open Systems with Z(2) Symmetry},
  author={Cliffe, K.A. and Hall, E.J.C. and Houston, P. and Phipps, E.T. and Salinger, A.G.},
  journal={Journal of Scientific Computing},
  volume={47},
  number={3},
  pages={389--418},
  year={2011}
}
@article{Cl11Adap2,
  title={Adaptivity and a posteriori error control for bifurcation problems III: incompressible fluid flow in open systems with O(2) symmetry},
  author={Cliffe, A. and Hall, E. and Houston, P. and Phipps, E.T. and Salinger, A.G.},
  journal={Journal of Scientific Computing},
  year={2011}
}

@article{Ke12Osci,
  title={Oscillatory states in thermal convection of a paramagnetic fluid in a cubical enclosure subjected to a magnetic field gradient},
  author={Kenjere{\v{s}}, S. and Pyrda, L. and Wrobel, W. and Fornalik-Wajs, E. and Szmyd, J.S.},
  journal={Physical Review E},
  volume={85},
  number={4},
  pages={046312},
  year={2012}
}

@book{LLvol8,
  title={Electrodynamics of continuous media},
  author={Landau, L. and Lifschitz, E.M.},
  year={1960},
  publisher={Pergammon, Oxford}
}
@book{rosensweig,
  title={Ferrohydrodynamics},
  author={Rosensweig, R.E.},
  year={1997},
  publisher={Dover, Mineola, NY}
}

@article{Co79High,
  title={High mode number stability of an axisymmetric toroidal plasma},
  author={Connor, J.W. and Hastie, R.J. and Taylor, J.B.},
  journal={Proceedings of the Royal Society of London. A. Mathematical and Physical Sciences},
  volume={365},
  number={1720},
  pages={1--17},
  year={1979}
}
@article{Bo01Infi,
  title={{Infinite symmetries of the ideal MHD equilibrium equations}},
  author={Bogoyavlenskij, O.I.},
  journal={Physics Letters A},
  volume={291},
  number={4},
  pages={256--264},
  year={2001}
}
@article{Bo02Symm,
  title={Symmetry transforms for ideal magnetohydrodynamics equilibria},
  author={Bogoyavlenskij, O.I.},
  journal={Physical Review E},
  volume={66},
  number={5},
  pages={056410},
  year={2002}
}
@article{Wo90math,
  title={On the mathematical structure of the equations of magnetohydrodynamic equilibrium},
  author={Woolley, M.L.},
  journal={Journal of Physics A: Mathematical and General},
  volume={23},
  number={12},
  pages={2379},
  year={1990}
}
@article{Ch05Cons,
  title={Construction of exact plasma equilibrium solutions with different geometries},
  author={Cheviakov, A.F.},
  journal={Physical Review Letters},
  volume={94},
  pages={165001},
  year={2005}
}
@book{blumancheviakovsanco,
  title={{Applications of symmetry methods to partial differential equations}},
  author={Bluman, G.W. and Cheviakov, A.F. and Anco, S.C.},
  year={2010},
  publisher={Springer}
}
@article{Qi09Magn,
  title={Magneto-hydrodynamics based microfluidics},
  author={Qian, S. and Bau, H.H.},
  journal={Mechanics Research Communications},
  volume={36},
  number={1},
  pages={10--21},
  year={2009}
}

@article{We10Magn,
  title={Magnetic fields for fluid motion},
  author={Weston, M.C. and Gerner, M.D. and Fritsch, I.},
  journal={Analytical Chemistry},
  volume={82},
  number={9},
  pages={3411--3418},
  year={2010}
}

@article{Ja12Revi,
  title={Review of implicit methods for the magnetohydrodynamic description of magnetically confined plasmas},
  author={Jardin, S.C.},
  journal={Journal of Computational Physics},
  volume={231},
  number={3},
  pages={822--838},
  year={2012}
}

@ARTICLE{Ma59Magn,
   author = {{Malkus}, W.~V.~R.},
    title = {Magnetoconvection in a Viscous Fluid of Infinite Electrical Conductivity},
  journal = {Astrophysical Journal},
     year = 1959,
    month = jul,
   volume = 130,
    pages = {259--275},
}

@article{He87Fini,
  title={Finite beta effects on tearing modes in the tokamak},
  author={Hender, T.C. and Hastie, R.J. and Robinson, D.C.},
  journal={Nuclear Fusion},
  volume={27},
  pages={1389--1400},
  year={1987}
}
@article{Bl01Spli,
  title={{Splitting methods for non-autonomous Hamiltonian equations}},
  author={Blanes, S. and Moan, P.C.},
  journal={Journal of Computational Physics},
  volume={170},
  number={1},
  pages={205--230},
  year={2001}
}
@article{Mc02Spli,
  title={Splitting methods},
  author={McLachlan, R.I. and Quispel, G.R.W.},
  journal={Acta Numerica},
  volume={11},
  pages={341--434},
  year={2002}
}
@book{lambert,
  title={Computational methods in ordinary differential equations},
  author={Lambert, J.D.},
  year={1973},
  publisher={Wiley London}
}
@book{lichtenberglieberman,
  title={Regular and stochastic motion},
  author={Lichtenberg, A.J. and Lieberman, M.A.},
  publisher={Springer},
  year={1983}
}
@book{hairerlubichwanner,
  title={Geometric numerical integration: structure-preserving algorithms for ordinary differential equations},
  author={Hairer, E. and Lubich, C. and Wanner, G.},
  year={2006},
  publisher={Springer Verlag}
}
@article{Mc05Full,
  title={{Full orbit computations of ripple-induced fusion $alpha$-particle losses from burning tokamak plasmas}},
  author={McClements, K.G.},
  journal={Physics of Plasmas},
  volume={12},
  number={7},
  pages={072510},
  year={2005}
}
@book{schutz,
  title={Geometrical methods of mathematical physics},
  author={Schutz, B.F.},
  year={1980},
  publisher={Cambridge University Press}
}
@book{arnoldetal,
  title={Mathematical aspects of classical and celestial mechanics},
  author={Arnold, V.I. and Kozlov, V.V. and Neishtadt, A.I.},
  year={2006},
  publisher={Springer}
}
@article{Sc09Dist,
author = {Schmidt, M. and Lipson, H.}, 
title = {Distilling Free-Form Natural Laws from Experimental Data}, 
volume = {324}, 
number = {5923}, 
pages = {81-85}, 
year = {2009}, 
journal = {Science} 
}
@article{Sc11Auto,
  author={Schmidt, M.D. and et al},
  title={Automated refinement and inference of analytical models for metabolic networks},
  journal={Physical Biology},
  volume={8},
  number={5},
  pages={055011},
  year={2011},
}
@article{Do05mech,
  title={On the mechanical prototypes of fundamental hydrodynamic invariants and slow manifolds},
  author={Dolzhansky, F.V.},
  journal={Physics-Uspekhi},
  volume={48},
  pages={1205},
  year={2005}
}
@article{Ho98Dyna,
  title={{Dynamics of the Kirchhoff equations I: Coincident centers of gravity and buoyancy}},
  author={Holmes, P. and Jenkins, J. and Leonard, N.E.},
  journal={Physica D: Nonlinear Phenomena},
  volume={118},
  number={3-4},
  pages={311--342},
  year={1998}
}
@article{Ke07Simu,
  title={{Simulation of the hybrid and steady state advanced operating modes in ITER}},
  author={Kessel, C.E. and Giruzzi, G. and Sips, A.C.C. and Budny, R.V. and Artaud, J.F. and Basiuk, V. and Imbeaux, F. and Joffrin, E. and Schneider, M. and Murakami, M. and others},
  journal={Nuclear Fusion},
  volume={47},
  pages={1274},
  year={2007}
}
@book{kadomtsev,
  title={Tokamak Plasma: A Complex Physical System},
  author={Kadomtsev, B.B.},
  publisher={Institute of Physics Publishing},
  year={1993}
}
@book{dungey,
  title={Cosmic Electrodynamics},
  author={Dungey, J.W.},
  publisher={CUP},
  year={1958}
}
@book{artsimovich,
  title={Controlled Thermonuclear Fusion},
  author={Artsimovich, L.A.},
  publisher={Gordon \& Breach},
  year={1964}
}
@book{artsimovichuk,
  title={Controlled Thermonuclear Fusion},
  author={Artsimovich, L.A.},
  publisher={Oliver and Boyd},
  year={1964}
}
@article{Mo80Nonc,
  title={Noncanonical Hamiltonian density formulation of hydrodynamics and ideal magnetohydrodynamics},
  author={Morrison, P.J. and Greene, J.M.},
  journal={Physical Review Letters},
  volume={45},
  number={10},
  pages={790--794},
  note={{Erratum PRL 48,569}},
  year={1980}
}
@article{Mo82Nonc,
  title={Noncanonical Hamiltonian Density Formulation of Hydrodynamics and Ideal Magnetohydrodynamics.},
  author={Morrison, P.J. and Greene, J.M.},
  journal={Physical Review Letters},
  volume={48},
  number={8},
  pages={569--569},
  year={1982}
}
@book{marsdenratiu,
  title={Introduction to mechanics and symmetry},
  author={Marsden, J.E. and Ratiu, T.S.},
  year={1999},
  publisher={Springer}
}
@book{boydsanderson,
  title={Plasma dynamics},
  author={Boyd, T.J.M. and Sanderson, J.J.},
  year={1969},
  publisher={Barnes \& Noble}
}
@book{roberts,
  title={{An Introduction to Magnetohydrodynamics}},
  author={Roberts, P.H.},
  year={1967},
  publisher={Longmans, London}
}
@book{dhaeseleer,
  title={Flux Coordinates and Magnetic Structure},
  author={D'haeseleer, W.D. and Hitchon, W.N.G. and Callen, J.D. and Shohet, J.L.},
  year={1991},
  publisher={Springer}
}
@book{kulsrud,
  title={Plasma physics for astrophysics},
  author={Kulsrud, R.M.},
  year={2005},
  publisher={Princeton University Press}
}
@book{schindler,
  title={Physics of space plasma activity},
  author={Schindler, K.},
  year={2007},
  publisher={Cambridge University Press}
}
@book{arnoldkhesin,
  title={{Topological methods in hydrodynamics}},
  author={Arnol'd, V.I. and Khesin, B.A.},
  year={1998},
  publisher={Springer}
}
@book{numericalrecipes,
  title={Numerical recipes in Fortran 77, 2nd Edition},
  author={Press, W.H. and Teukolsky, S.A. and Vetterling, W.T. and Flannery, B.P.},
  year={1992},
  publisher={Cambridge University Press}
}
@article{Lo11Magn,
  title={Magnetohydrodynamic Convectons},
  author={Lo Jacono, D. and Bergeon, A. and Knobloch, E.},
  journal={Journal of Fluid Mechanics},
  volume={687},
  number={1},
  pages={595--605},
  year={2011}
}


@article{Bl99Magn,
  title={Magnetohydrodynamic convectons},
  author={Blanchflower, S.},
  journal={Physics Letters A},
  volume={261},
  number={1-2},
  pages={74--81},
  year={1999}
}
@article{La90Toka,
  title={Tokamak confinement in relation to plateau scaling},
  author={Lackner, K. and Gottardi, N.A.O.},
  journal={Nuclear Fusion},
  volume={30},
  pages={767},
  year={1990}
}
@article{Yu90Scal,
  title={Scalings for tokamak energy confinement},
  author={Yushmanov, P.N. and Takizuka, T. and Riedel, K.S. and Kardaun, O. and Cordey, J.G. and Kaye, S.M. and Post, D.E.},
  journal={Nuclear Fusion},
  volume={30},
  pages={1999},
  year={1990}
}
@article{Sm07path,
  title={The path to fusion power},
  author={Smith, C.L. and Ward, D.},
  journal={Philosophical Transactions of the Royal Society A: Mathematical, Physical and Engineering Sciences},
  volume={365},
  number={1853},
  pages={945--956},
  year={2007}
}
@book{ferraroplumpton,
  title={An Introduction to Magneto-Fluid Mechanics 2nd Ed.},
  author={Ferraro, V.C.A. and Plumpton, C.},
  publisher={Clarendon, Oxford},
  year={1966}
}
@book{parker,
  title={Cosmical Magnetic Fields},
  author={Parker, E.N.},
  publisher={Clarendon, Oxford},
  year={1979}
}
@book{JandJ,
  title={Methods of Mathematical Physics},
  author={Jeffreys, H. and Jeffreys, B.S.},
  publisher={Cambridge University Press},
  year={1972}
}
@article{Be11Homo,
  title={Homoclinic snaking of localized states in doubly diffusive convection},
  author={Beaume, C. and Bergeon, A. and Knobloch, E.},
  journal={Physics of Fluids},
  volume={23},
  pages={094102},
  year={2011}
}
@article{Da10emer,
  title={The emergence of a coherent structure for coherent structures: localized states in nonlinear systems},
  author={Dawes, J.H.P.},
  journal={Philosophical Transactions of the Royal Society A},
  volume={368},
  number={1924},
  pages={3519},
  year={2010}
}
@article{Da07Loca,
  title={Localized convection cells in the presence of a vertical magnetic field},
  author={Dawes, J.H.P.},
  journal={Journal of Fluid Mechanics},
  volume={570},
  number={1},
  pages={385--406},
  year={2007}
}
@article{Po04Infl,
  title={Influence of a magnetic field on heat and mass transfer by natural convection from vertical surfaces in porous media considering Soret and Dufour effects},
  author={Postelnicu, A.},
  journal={International journal of heat and mass transfer},
  volume={47},
  number={6-7},
  pages={1467--1472},
  year={2004}
}
@article{Qi01Magn,
  title={Magnetic control of thermal convection in electrically non-conducting or low-conducting paramagnetic fluids},
  author={Qi, J. and Wakayama, N.I. and Yabe, A.},
  journal={International Journal of Heat and Mass Transfer},
  volume={44},
  number={16},
  pages={3043--3052},
  year={2001}
}
@article{Be08Peri,
  title={Periodic and localized states in natural doubly diffusive convection},
  author={Bergeon, A. and Knobloch, E.},
  journal={Physica D: Nonlinear Phenomena},
  volume={237},
  number={8},
  pages={1139--1150},
  year={2008}
}
@article{St11Dyna,
author = {Stellmach, S. and Traxler, A. and Garaud, P. and Brummell, N. and Radko, T.},
title = {Dynamics of fingering convection. Part 2 The formation of thermohaline staircases},
journal = {Journal of Fluid Mechanics},
volume = {677},
number = { },
pages = {554--571},
year = {2011}
}
@article{Tr11Dyna,
author = {Traxler, A. and Stellmach, S. and Garaud, P. and Radko, T. and Brummell, N.},
title = {Dynamics of fingering convection. Part 1 Small-scale fluxes and large-scale instabilities},
journal = {Journal of Fluid Mechanics},
volume = {677},
number = { },
pages = {530--553},
year = {2011}
}
@article{Ro11Turb,
  title={Turbulent Mixing and Layer Formation in Double-diffusive Convection: Three-dimensional Numerical Simulations and Theory},
  author={Rosenblum, E. and Garaud, P. and Traxler, A. and Stellmach, S.},
  journal={The Astrophysical Journal},
  volume={731},
  pages={66},
  year={2011}
}
@article{Hu11Inte,
  title={Interfaces and inhomogeneous turbulence},
  author={Hunt, J.C.R. and Eames, I. and da Silva, C.B. and Westerweel, J.},
  journal={Philosophical Transactions of the Royal Society A},
  volume={369},
  number={1937},
  pages={811--832},
  year={2011}
}
@article{Be08Eckh,
  title={Eckhaus instability and homoclinic snaking},
  author={Bergeon, A. and Burke, J. and Knobloch, E. and Mercader, I.},
  journal={Physical Review E},
  volume={78},
  number={4},
  pages={046201},
  year={2008}
}
@book{iau271,
  title={{Astrophysical Dynamics: from Stars to Galaxies (IAU Symposium 271)}},
  editor={Brummell, N. and Brun, A.S. and Miesch, M. and Ponty, Y.},
  publisher={CUP},
  year={2011}
}
@article{Bu07Homo,
  title={Homoclinic snaking: Structure and stability},
  author={Burke, J. and Knobloch, E.},
  journal={Chaos: An Interdisciplinary Journal of Nonlinear Science},
  volume={17},
  pages={037102},
  year={2007}
}
@article{Ki93Disc,
  title={Discrete vortex representation of magnetohydrodynamics},
  author={Kinney, R. and Tajima, T. and Petviashvili, N. and McWilliams, J.C.},
  journal={Physical Review Letters},
  volume={71},
  number={11},
  pages={1712--1715},
  year={1993}
}
@article{An09leng,
  title={A length-scale formula for confined quasi-two-dimensional plasmas},
  author={Andersen, T.D. and Lim, C.C.},
  journal={Journal of Plasma Physics},
  volume={75},
  number={4},
  pages={437--454},
  year={2009}
}
@book{andersenlim,
  title={{Introduction to Vortex Filaments in Equilibrium}},
  author={Andersen, T.D. and Lim, C.C.},
  year={2014},
  publisher={Springer}
}
@article{Vr10Mome,
  title={Momentum transport studies in \textsc{JET H}-mode discharges with an enhanced toroidal field ripple},
  author={De Vries, P.C. and Versloot, T.W. and Salmi, A. and Hua, M.D. and Howell, D.H. and Giroud, C. and Parail, V. and Saibene, G. and Tala, T.},
  journal={Plasma Physics and Controlled Fusion},
  volume={52},
  pages={065004},
  year={2010}
}

@article{Hu10Thin,
  title={Thin shear layers-The key to turbulence structure?},
  author={Hunt, J.C.R. and Eames, I. and Westerweel, J. and Davidson, P.A. and Voropayev, S. and Fernando, J. and Braza, M.},
  journal={Journal of Hydro-environment Research},
  volume={4},
  number={2},
  pages={75--82},
  year={2010}
}

@article{Hu06Mech,
  title={Mechanics of inhomogeneous turbulence and interfacial layers},
  author={Hunt, J.C.R. and Eames, I. and Westerweel, J.},
  journal={Journal of Fluid Mechanics},
  volume={554},
  number={1},
  pages={499--519},
  year={2006}
}

@article{Ya95froz,
  title={The ``frozen-in" concept in a collisionless plasma and in turbulent processes in tokomaks},
  author={Yankov, V.V.},
  journal={Journal of Experimental and Theoretical Physics},
  volume={80},
  number={2},
  pages={219--227},
  year={1995}
}
@article{Ly67Stat,
  title={Statistical mechanics of violent relaxation in stellar systems},
  author={Lynden-Bell, D.},
  journal={Monthly Notices of the Royal Astronomical Society},
  volume={136},
  pages={101--121},
  year={1967}
}

@article{Ba81Appl,
  title={Applications of the concept of generalized vorticity to space plasmas},
  author={Banks, P.M. and Edwards, W.F. and Rasmussen, C. and Thompson, R.C.},
  journal={Geophysical Research Letters},
  volume={8},
  number={1},
  pages={95--98},
  year={1981}
}

@article{Li60Stud,
  title={Studies on magneto-hydrodynamic waves and other anisotropic wave motions},
  author={Lighthill, M.J.},
  journal={Philosophical Transactions of the Royal Society of London. Series A, Mathematical and Physical Sciences},
  volume={252},
  number={1014},
  pages={397},
  year={1960}
}
@book{batchelor,
  title={An Introduction to Fluid Dynamics},
  author={Batchelor, G.K.},
  year={1967},
  publisher={Cambridge University Press}
}

@article{Mo81Free,
  title={{``Freezing-in" integrals in two-fluid hydrodynamics}},
  author={Moiseev, S.S. and Sagdeev, R.Z. and Tur, A.V. and Yanovskii, V.V.},
  journal={Soviet Physics Doklady},
  volume={26},
  number={5},
  pages={479--481},
  year={1981}
}

@article{We66expu,
  title={The expulsion of magnetic flux by eddies},
  author={Weiss, N.O.},
  journal={Proceedings of the Royal Society of London. Series A. Mathematical and Physical Sciences},
  volume={293},
  number={1434},
  pages={310--328},
  year={1966}
}

@article{Po01revi,
  title={A review of magneto-vorticity induction in Hall-MHD plasmas},
  author={Polygiannakis, J.M. and Moussas, X.},
  journal={Plasma physics and controlled fusion},
  volume={43},
  pages={195--221},
  year={2001}
}

@techreport{Ya93Cons,
  title={Conservation of Generalized Vorticity and Collisionless Relaxation and Reconnection in Two-Fluid MHD},
  author={Yankov, V. and Petviashvili, N.},
  institution={IFS, Texas},
  number={IFSR 611},
  year={1993}
}
@ARTICLE{Tu86Hall,
 title={Hall Effects on Magnetic Relaxation},
author={Turner, L.},
journal={IEEE Transactions on Plasma Science},
year={1986},
volume={14},
number={6},
pages={849--857}
}
@article{St99Form,
  title={Formalism for multi-fluid equilibria with flow},
  author={Steinhauer, L.C.},
  journal={Physics of Plasmas},
  volume={6},
  pages={2734},
  year={1999}
}
@article{St98Rela,
  title={Relaxation of a two-species magnetofluid and application to finite-$\beta$ flowing plasmas},
  author={Steinhauer, L.C. and Ishida, A.},
  journal={Physics of Plasmas},
  volume={5},
  pages={2609},
  year={1998}
}
@article{St97Rela,
  title={Relaxation of a two-specie magnetofluid},
  author={Steinhauer, L.C. and Ishida, A.},
  journal={Physical Review Letters},
  volume={79},
  number={18},
  pages={3423--3426},
  year={1997}
}
@article{Ya02Equi,
  title={Equilibrium analysis of a flowing two-fluid plasma},
  author={Yamada, H. and Katano, T. and Kanai, K. and Ishida, A. and Steinhauer, L.C.},
  journal={Physics of Plasmas},
  volume={9},
  pages={4605--4615},
  year={2002}
}
@article{Sc96Magn,
  title={Magnetic fields and plasmas},
  author={Schep, T.J.},
  journal={Fusion Technology},
  volume={29},
  number={2},
  pages={44--54},
  year={1996}
}

@article{Ol95Gene,
  title={Generalized relaxation theory and vortices in plasmas},
  author={Oliveira, S.R. and Tajima, T.},
  journal={Physical Review E},
  volume={52},
  number={4},
  pages={4287},
  year={1995}
}
@article{Ki81Moti,
  title={Motion of an elliptic vortex in a uniform shear flow},
  author={Kida, S.},
  journal={J. Phys. Soc. Japan},
  volume={50},
  number={10},
  pages={3517--3520},
  year={1981}
}
@book{holmetal,
  title={{Geometric Mechanics and Symmetry: From Finite to Infinite Dimensions}},
  author={Holm, D.D. and Schmah, T. and Stoica, C. and Ellis, D.C.P.},
  year={2009},
  publisher={Oxford University Press, USA}
}
@book{glassner,
  title={{An introduction to ray tracing}},
  author={Glassner, A.S.},
  year={1989},
  publisher={Morgan Kaufmann}
}

@article{En11Mult,
  title = {{Multidimensional spline integration of scattered data}},
  author = {Endrodi, G.},
  journal = {Computer Physics Communications},
  volume = {182},
  number = {6},
  pages = {1307 - 1314},
  year = {2011}
}
@article{Sh79Arto,
  title={{The art of writing a Runge-Kutta code. II.}},
  author={Shampine, L.F. and Watts, H.A.},
  journal={Applied Mathematics and Computation},
  volume={5},
  number={2},
  pages={93--121},
  year={1979},
}

@article{Gi10Regu,
  title={{Regularity and singularity in solutions of the three-dimensional Navier--Stokes equations}},
  author={Gibbon, J.D.},
  journal={Proceedings of the Royal Society A: Mathematical, Physical and Engineering Science},
  volume={466},
  number={2121},
  pages={2587},
  year={2010}
}
@article{Go01Stro,
  title={{Strong stability-preserving high-order time discretization methods}},
  author={Gottlieb, S. and Shu, C.W. and Tadmor, E.},
  journal={SIAM review},
  volume={43},
  number={1},
  pages={89--112},
  year={2001}
}
@book{spaeth,
  title={{Two dimensional spline interpolation algorithms}},
  author={Sp{\"a}th, H.},
  isbn={1568810172},
  year={1995},
  publisher={A.K. Peters, Ltd.}
}
@book{deboor,
  title={{A practical guide to splines}},
  author={de Boor, C.},
  year={1978},
  publisher={Springer, New York}
}
@article{Na95MHDa,
  title={{MHD activity in JET hot ion H mode discharges}},
  author={Nave, M.F.F. and Ali-Arshad, S. and Alper, B. and Balet, B. and Blank, H.J. and Borba, D. and Challis, C.D. and Hellermann, M.G. and Hender, T.C. and Huysmans, G.T.A. and others},
  journal={Nuclear Fusion},
  volume={35},
  pages={409},
  year={1995}
}

@article{Li10Mult,
  title={{Multiresonance Effect in Type-I Edge-Localized Mode Control With Low n Fields on JET}},
  author={Liang, Y. and Gimblett, C.G. and Browning, P.K. and Devoy, P. and Koslowski, H.R. and Jachmich, S. and Sun, Y. and Wiegmann, C.},
  journal={Physical Review Letters},
  volume={105},
  number={6},
  pages={65001},
  year={2010}
}

@book{landaulifshitz5,
  title={{Statistical Physics: 3rd Edition Part 1}},
  author={Landau, L.D. and Lifshitz, E.M.},
  year={1980},
  publisher={Pergamon}
}

@article{Fo94Maxi,
  title={{On the maximum energy release in flux-rope models of eruptive flares}},
  author={Forbes, TG and Priest, ER and Isenberg, PA},
  journal={Solar Physics},
  volume={150},
  number={1},
  pages={245--266},
  year={1994}
}

@article{Fo95Phot,
  title={{Photospheric magnetic field evolution and eruptive flares}},
  author={Forbes, T.G. and Priest, E.R.},
  journal={The Astrophysical Journal},
  volume={446},
  pages={377},
  year={1995}
}

@book{piel,
  title={{Introduction to plasma physics}},
  author={Piel, A.},
  isbn={3642104908},
  year={2010},
  publisher={Springer}
}

@book{birnpriest,
  title={{Reconnection of magnetic fields: magnetohydrodynamics and collisionless theory and observations}},
  author={Birn, J. and Priest, E.R.},
  isbn={0521854202},
  year={2007},
  publisher={Cambridge University Press}
}

@article{Ch98Nume,
  title={{Numerical prediction of turbulent mixed convection in a concentric horizontal rotating annulus with low-Re two-equation models}},
  author={Char, M.I. and Hsu, Y.H.},
  journal={International Journal of Heat and Mass Transfer},
  volume={41},
  number={12},
  pages={1633--1643},
  year={1998}
}
@article{So86Symm,
  title={{Symmetric flows in two-fluid electromagnetic gas dynamics}},
  author={Solovev, L.S. and Gurovich, V.Ts.},
  journal={Fizika Plazmy},
  volume={12},
  pages={845--850},
  note={{Translated as Soviet J. Plasma Physics 12(7)486--489}},
  year={1986}
}
@ARTICLE{Tr11Nume,
 author = {{Traxler}, A. and {Garaud}, P. and {Stellmach}, S.},
 title = "{Numerically Determined Transport Laws for Fingering (''Thermohaline'') Convection in Astrophysics}",
 journal = {Astrophysical Journal Letters},
 year = 2011,
 volume = 728,
 pages = {L29+}
}
@article{Ro10Turb,
  title={{Turbulent mixing and layer formation in double-diffusive convection: 3D numerical simulations and theory}},
  author={Rosenblum, E. and Garaud, P. and Traxler, A. and Stellmach, S.},
  journal={Arxiv preprint arXiv:1012.0617},
  year={2010}
}
@article{Tr10Dyna,
  title={{Dynamics of fingering convection I: Small-scale fluxes and large-scale instabilities}},
  author={Traxler, A. and Stellmach, S. and Garaud, P. and Radko, T. and Brummell, N.},
  journal={Arxiv preprint arXiv:1008.1807},
  year={2010}
}
@article{St10Dyna,
  title={{Dynamics of fingering convection II: The formation of thermohaline staircases
}},
  author={Stellmach, S. and Traxler, A. and Garaud, P. and Brummell, N. and Radko, T. },
  journal={Arxiv preprint arXiv:1008.1808v1},
  year={2010}
}
@article{Al07VanA,
  title={{The Van Allen Hypothesis: The Origin of the Magnetic Fields of the Planets and Stars}},
  author={Alexeff, I.},
  journal={IEEE Transactions on Plasma Science},
  volume={35},
  number={4},
  pages={748--750},
  year={2007}
}
@article{It98Theo,
  title={{Theory of fully developed turbulence in buoyancy-driven fluids and pressure-gradient-driven plasmas}},
  author={Itoh, S.I. and Itoh, K.},
  journal={Plasma Physics and Controlled Fusion},
  volume={40},
  pages={1729-1766},
  year={1998}
}
@article{Ka73nonl,
  title={{Nonlinear helical perturbations of the plasma in the tokamak}},
  author={Kadomtsev, B.B. and Pogutse, O.P.},
  journal={Zhurnal Eksperimental'noi i Teoreticheskoi Fiziki},
  volume={65},
  number={2},
  pages={575-589},
  year={1973},
  note={Translated as Soviet Physics JETP, Vol. 38, No. 2, pp. 283-290}
}
@article{Mu11Symm1,
  title={{Symmetry based analysis of macroscopic instabilities in Tokamak plasmas}},
  author={Murari, A. and  Arter, W. and  Mazon, D. and Gelfusa, M. and  Ferat, V. and JET-EFDA Contributors},
  journal={Physical Review Letters},
  number={{submitted}},
  year={2011}
}
@article{Be08Flar,
  title    = {Flare Observations},
  author   = {Arnold O. Benz},
  journal  = {Living Reviews in Solar Physics},
  year     = {2008},
  number   = {1},
  volume   = {5},
  pages    = {1},
  url      = {http://www.livingreviews.org/lrsp-2008-1}
}
@article{Br09Prim,
  title={{A primer on elliptic functions with applications in classical mechanics}},
  author={Brizard, A.J.},
  journal={European Journal of Physics},
  volume={30},
  pages={729},
  year={2009}
}
@book{scott,
  title={{The nonlinear universe}},
  author={Scott, A.C.},
  year={2007},
  publisher={Springer}
}
@article{Di05Zona,
  title={{Zonal flows in plasma--a review}},
  author={Diamond, P.H. and Itoh, S.I. and Itoh, K. and Hahm, T.S.},
  journal={Plasma Physics and Controlled Fusion},
  volume={47},
  pages={R35--R161},
  year={2005}
}
@article{Gl75Resi,
  title={{Resistive instabilities in general toroidal plasma configurations}},
  author={Glasser, A.H. and Greene, J.M. and Johnson, J.L.},
  journal={Physics of Fluids},
  volume={18},
  pages={875--888},
  year={1975}
}
@book{turner,
  title={{Buoyancy effects in fluids}},
  author={Turner, J.S.},
  year={1980},
  publisher={Cambridge University Press},
  note={\url{https://doi.org/10.1017/CBO9780511608827}}
}
@BOOK{wessonsci,
TITLE="{The Science of JET}",
AUTHOR={Wesson, J.A.},
PUBLISHER ={JET Joint Undertaking},ADDRESS = {Abingdon},
YEAR = 2000
}
@article{Co10Hotf,
  title={{Hot fusion}},
  author={Cowley, S.},
  journal={Physics World},
  volume={23},
  number={10},
  pages={46--51},
  year={2010}
}
@article{Ro72Plas,
  title={{Plasma transport in toroidal confinement systems}},
  author={Rosenbluth, M.N. and Hazeltine, R.D. and Hinton, F.L.},
  journal={Physics of Fluids},
  volume={15},
  pages={116},
  year={1972}
}
@article{Br07Foun,
  title={{Foundations of nonlinear gyrokinetic theory}},
  author={Brizard, A. J. and Hahm, T. S.},
  journal={Reviews of modern physics},
  volume={79},
  number={2},
  pages={421--468},
  year={2007}
}
@article{Ho99Drif,
  title={{Drift waves and transport}},
  author={Horton, W.},
  journal={Reviews of Modern Physics},
  volume={71},
  number={3},
  pages={735--778},
  year={1999}
}
@article{Ro65Grav,
  title={{Gravitational resistive instability of an incompressible plasma in a sheared magnetic field}},
  author={Roberts, K.V. and Taylor, J.B.},
  journal={Physics of Fluids},
  volume={8},
  pages={315-322},
  year={1965}
}
@techreport{NRLpf07,
  title={{NRL Plasma Formulary}},
  author={Huba, J.D.},
  number={NRL/PU/6790--07-500},
  institution={Naval Research Laboratory, Washington},
  note={Online version dated 2009 at \url{https://apps.dtic.mil/dtic/tr/fulltext/u2/a499299.pdf}},
  year={2007}
}
@article{Ha93Deve,
  title={{Developments in the gyrofluid approach to tokamak turbulence simulations}},
  author={Hammett, G.W. and Beer, M.A. and Dorland, W. and Cowley, S.C. and Smith, S.A.},
  journal={Plasma Physics and Controlled Fusion},
  volume={35},
  pages={973--985},
  year={1993}
}
@article{Pi06Fusi,
  title={{Fusion: the way ahead}},
  author={Pitts, R. and Buttery, R. and Pinches, S.},
  journal={Physics World},
  volume={19},
  number={3},
  pages={20--26},
  year={2006}
}
@incollection{Br93Toka,
  title={{Tokamak experiments}},
  author={O'Brien, M.R. and Robinson, D.C.},
  editor={R.O. Dendy},
  booktitle={Plasma Physics: An Introductory Course},
  pages={189--208},
  year={1993},
  publisher={CUP}
}
@techreport{He10Upgr,
  title={{Upgrading the FFTs in GS2}},
  author="{Hein, J. and Guo, X.}",
  institution={EPCC, The University of Edinburgh},
  note={\url{http://www.hector.ac.uk/cse/distributedcse/reports/GS2/GS2.pdf}},
  year={2010}
}
@techreport{He09FFTs,
  title={{FFTs for gyrokinetic plasma simulations}},
  author="{Hein, J.}",
  institution={EPCC, The University of Edinburgh},
  note={\url{http://www.hector.ac.uk/cse/distributedcse/technical/dCSEtech2009\_GS2.pdf}},
  year={2009}
}
@article{Co88Elec,
  title={{Electron diamagnetism and toroidal coupling of tearing modes}},
  author={Cowley, S.C. and Hastie, R.J.},
  journal={Physics of Fluids},
  volume={31},
  number={3},
  pages={426--428},
  year={1988}
}
@article{De93Coup,
 author = {Dewar, R.L. and Persson, M.},
 title = {Coupled tearing modes in plasmas with differential rotation},
 year = {1993},
 journal = {Physics of Fluids B: Plasma Physics},
 volume = {5},
 number = {12},
 pages = {4273--4286}
}
@article{Fo86Imple,
  title={{Algorithm 647: Implementation and relative efficiency of quasirandom sequence generators}},
  author={Fox, B.L.},
  journal={ACM Transactions on Mathematical Software (TOMS)},
  volume={12},
  number={4},
  pages={362--376},
  year={1986}
}
@article{Ot04Prog-short,
  title={{Progress in the theory of magnetic reconnection phenomena}},
  author={Ottaviani, M. and \emph{et al}},
  journal={Plasma Physics and Controlled Fusion},
  volume={46},
  pages={B201-B212},
  year={2004}
}
@article{Ot04Prog,
  title={{Progress in the theory of magnetic reconnection phenomena}},
  author={Ottaviani, M. and Arcis, N. and Escande, D.F. and Grasso, D. and Maget, P. and Militello, F. and Porcelli, F. and Zwingmann, W.},
  journal={Plasma Physics and Controlled Fusion},
  volume={46},
  pages={B201-B212},
  year={2004}
}
@book{GKP,
  title={{Advanced magnetohydrodynamics: with applications to laboratory and astrophysical plasmas}},
  author={Goedbloed, J.P. and Keppens, R. and Poedts, S.},
  year={2010},
  publisher={CUP}
}
@book{gradshteynryzhik,
  title={{Tables of integrals, series, and products}},
  author={Gradshteyn, I.S. and Ryzhik, I.M.},
  year={1980},
  publisher={Academic Press}
}
@techreport{GS2doc,
  title={{GS2 Technical Manual (in preparation)}},
  author="{Arter, W. and Roach, C.M. and \emph{et al}}",
  institution={CCFE},
  number={IMPGS2-RP-5},
  note={/home/warter/gyrokinetics/docs/gs2/trunk/gs2\_manual.pdf},
  year={2010}
}
@phdthesis{lui,
  title={{Runge-Kutta Discontinuous Galerkin Method for the Boltzmann Equation}},
  author={Lui, H.M.},
  year={2006},
  school={Massachusetts Institute of Technology},
  type={Master's Thesis},
  note={\url{http://hdl.handle.net/1721.1/39215}}
}
@misc{burkardt,
  author = {Burkardt, J.},
  title = {The Halton Quasirandom Sequence},
  note = "{URL http://people.sc.fsu.edu/\~{}jburkardt/f\_src/halton/halton.html}"
}
@book{goedbloedpoedts,
  title={{Principles of magnetohydrodynamics: with applications to laboratory and astrophysical plasmas}},
  author={Goedbloed, J.P. and Poedts, S.},
  year={2004},
  publisher={Cambridge University Press}
}
@techreport{Gl97Dire,
  title={{The direct criterion of Newcomb (DCON) for the stability of an axisymmetric toroidal plasma}},
  author={Glasser, A.H.},
  institution={Los Alamos National Laboratory},
  number={Report LA-UR-95-528},
  year={1997}
}
@article{Ga00Adap,
  title={{Adaptive quadraturerevisited}},
  author={Gander, W. and Gautschi, W.},
  journal={BIT Numerical Mathematics},
  volume={40},
  number={1},
  pages={84--101},
  year={2000}
}
@book{brasshammerlin,
  title={{Numerical integration III}},
  editor={Brass, H. and Hammerlin, G. },
  year={1988},
  publisher={Birkhauser Boston}
}
@book{taflovehagness3,
  title={{Computational electrodynamics: the finite-difference time-domain method 3rd Edition}},
  author={Taflove, A. and Hagness, S.C. and others},
  year={2005},
  publisher={Artech House, Boston}
}
@book{samarskii,
  title={{Numerical methods for grid equations}},
  author={Samarskii, A.A. and Nikolaev, E.S.},
  year={1989},
  publisher={Birkh\"{a}user}
}
@book{golubvanloan3,
  title={{Matrix computations. 3rd Edition.}},
  author={Golub, G.H. and Van Loan, C.F.},
  publisher={Johns Hopkins, Baltimore},
  year={1996}
}
@book{golubvanloan4,
  title={{Matrix computations. 4th Edition.}},
  author={Golub, G.H. and Van Loan, C.F.},
  publisher={Johns Hopkins, Baltimore},
  year={2013}
}
@book{golubvanloan,
  title={{Matrix computations. 2nd Edition.}},
  author={Golub, G.H. and Van Loan, C.F.},
  publisher={Johns Hopkins, Baltimore},
  year={1989}
}
@book{broomheadiserles,
  title={{The dynamics of numerics and the numerics of dynamics}},
  author={Broomhead, D.S. and Iserles, A.},
  year={1992},
  publisher={Clarendon Press, Oxford}
}
@book{burdenfaires,
  title={{Numerical Analysis. 8th Edition}},
  author={Burden, R.L and Faires, J.D.},
  year={2004},
  publisher={Brooks/Cole Publishing Company, Pacific Grove}
}
@book{stewart,
  title={{Does God play dice?: the new mathematics of chaos}},
  author={Stewart, I.},
  year={2002},
  publisher={Wiley-Blackwell}
}
@book{gleick,
  title={{Chaos: Making a new science}},
  author={Gleick, J.},
  publisher={Viking Penguin},
  year={1987}
}
@book{GandS,
  title={{The Symmetry Perspective}},
  author={Golubitsky, M. and Stewart, I.},
  year={2003},
  publisher={Birkhauser, Basel}
}
@article{Da87Four,
  title={{On a four parameter family of planar vector fields}},
  author={Dangelmayr, G. and Guckenheimer, J.},
  journal={Archive for Rational Mechanics and Analysis},
  volume={97},
  number={4},
  pages={321--352},
  year={1987}
}
@article{Hi913mod,
  title={{3-mode Interactions with O (2) Symmetry and a Model for Taylor-Couette flow}},
  author={Hill, A. and Stewart, I.},
  journal={Dynamical Systems},
  volume={6},
  number={4},
  pages={267--339},
  year={1991}
}
@book{feynman2,
  title={{The Feynman lectures on physics. Vol.2 the electromagnetic field}},
  author={Feynman, R.P. and Leighton, R.B. and Sands, M.},
  publisher={Addison-Wesley, Reading, Mass.},
  year=1964
}

@book{fearful,
  title={{Fearful symmetry: is God a geometer?}},
  author={Stewart, I. and Golubitsky, M.},
  year={1993},
  publisher={Penguin Books}
}
@book{dendy,
  title={{Plasma physics: an introductory course}},
  author={Dendy, R.O.},
  year={1993},
  publisher={Cambridge University Press}
}
@book{birkhoff2,
  title={{Hydrodynamics}},
  author={Birkhoff, G.D.},
  year={1950},
  publisher={Princeton University Press}
}
@book{birkhoff,
  title={{Dynamical Systems}},
  author={Birkhoff, G.D.},
  year={1927},
  publisher={American Mathematical Society}
}
@book{abramowitzstegun,
  title={{Handbook of mathematical functions with formulas, graphs, and mathematical table}},
  author={Abramowitz, M. and Stegun, I.A.},
  year={1965},
  publisher={Dover Publications, New York}
}
@book{davis,
  title={{Introduction to nonlinear differential and integral equations}},
  author={Davis, H.T.},
  year={1962},
  publisher={Dover Publications, New York}
}
@article{Ma08Char,
  title={{On the characterization of the deterministic/stochastic and linear/nonlinear nature of time series}},
  author={Mandic, D.P. and Chen, M. and Gautama, T. and Van Hulle, M.M. and Constantinides, A.},
  journal={Proceedings of the Royal Society A: Mathematical, Physical and Engineering Sciences},
  volume={464},
  number={2093},
  pages={1141--1160},
  year={2008}
}
@article{Cr87Cons,
  title={{Construction of differential equations from experimental data}},
  author={Cremers, J. and H{\"u}bler, A.},
  journal={Zeitschrift f{\"u}r Naturforschung. A, A Journal of physical sciences},
  volume={42},
  number={8},
  pages={797--802},
  year={1987}
}
@article{Go91Reco,
  title={{Reconstruction of the vector fields of continuous dynamics systems from numerical scalar time series}},
  author={Gouesbet, G.},
  journal={Physical Review. A},
  volume={43},
  number={10},
  pages={5321--5331},
  year={1991}
}
@article{Ze89Infl,
  title={{Influence of noise on delayed bifurcations}},
  author={Zeghlache, H. and Mandel, P. and Van den Broeck, C.},
  journal={Physical Review A},
  volume={40},
  number={1},
  pages={286--294},
  year={1989}
}
@book{gilmoreletellier,
  title={{The Symmetry of Chaos}},
  author={Gilmore, R. and Letellier, C.},
  year={2007},
  publisher={Oxford University Press}
}
@book{gilmorelefranc,
  title={{The Topology of Chaos}},
  author={Gilmore, R. and Lefranc, M.},
  year={2002},
  publisher={John Wiley and Sons}
}
@book{trefethen,
  title={{Spectra and pseudospectra: the behavior of nonnormal matrices and operators}},
  author={Trefethen, L.N. and Embree, M.},
  year={2005},
  publisher={Princeton University Press}
}
@book{tong,
  title={{Non-linear time series: a dynamical system approach}},
  author={Tong, H.},
  year={1990},
  publisher={Oxford University Press}
}
@article{Gr94Reco,
  title={{Recovering the structure of a dynamic system from the associated time series}},
  author={Gribkov, D.A. and Gribkova, V.V. and Kravtsov, Y.A. and Kuznetsov, Y.I. and Rzhanov, A.G.},
  journal={Journal of communications technology \& electronics},
  volume={39},
  number={6},
  pages={78--86},
  year={1994}
}
@book{boxjenkins,
  title={{Time series analysis, forecasting and control}},
  author={Box, G.E.P. and Jenkins, G.},
  year={1990},
  publisher={Holden-Day, Incorporated}
}
@book{CJJ,
  title={{Theory and Computation in Hydrodynamic Stability}},
  author={Criminale, W.O. and Jackson, T.L. and Joslin, R.D.},
  year={2003},
  publisher={Cambridge University Press}
}
@article{bellmancooke,
  title={{Differential-difference equations}},
  author={Bellman, R. and Cooke, K.L.},
  year={1963},
  publisher={Academic Press, New York}
}
@book{broeretal,
  title={{Global Analysis of Dynamical Systems}},
  editor={Broer, H.W. and Krauskopf, B. and Vegter, G.},
  year={2001},
  publisher={Institute of Physics Publishing}
}
@article{Le06Evid,
  title={{Evidence for low dimensional chaos in sunspot cycles}},
  author={Letellier, C. and Aguirre, L.A. and Maquet, J. and Gilmore, R.},
  journal={Astronomy and Astrophysics},
  volume={449},
  pages={379--387},
  year={2006}
}
@article{Ca99Grow,
  title={{Growth of ideal magnetohydrodynamic modes driven slowly through their instability threshold: Application to disruption precursors}},
  author={Callen, J.D. and Hegna, C.C. and Rice, B.W. and Strait, E.J. and Turnbull, A.D.},
  journal={Physics of Plasmas},
  volume={6},
  pages={2963-2967},
  year={1999}
}
@book{mandic,
  title={{Recurrent Neural Networks for Prediction: Learning Algorithms, Architectures and Stability}},
  author={Mandic, D.P. and Chambers, J.A.},
  year={2001},
  publisher={John Wiley and Sons Ltd}
}
@book{abonyi,
  title={{Cluster analysis for data mining and system identification}},
  author={Abonyi, J. and Feil, B.},
  year={2007},
  publisher={Birkhauser}
}
@book{castor,
  title={{Radiation hydrodynamics}},
  author={Castor, J.I.},
  year={2004},
  publisher={Cambridge University Press}
}
@article{Br92Line,
  title={{Linear filters and non-linear systems}},
  author={Broomhead, D.S. and Huke, J.P. and Muldoon, M.R.},
  journal={Journal of the Royal Statistical Society. Series B},
  volume={54},
  number={2},
  pages={373--382},
  year={1992}
}
@article{Be01Cons,
  title={{Constructing nonautonomous differential equations from experimental time series}},
  author={Bezruchko, B.P. and Smirnov, D.A.},
  journal={PHYSICAL REVIEW SERIES E},
  volume={63},
  number={1; PART A},
  pages={16207-1--7},
  year={2001}
}
@incollection{Sm06Nonl,
  title={{Nonlinear dynamical models from chaotic time series: methods and applications}},
  author={Smirnov, D.A. and Bezruchko, B.P.},
  booktitle={{Handbook of Time Series Analysis}},
  editor={Schelter, B. and Winterhalder, M. and Timmer, J.},
  pages={181--211},
  year={2006},
  publisher={Wiley-VCH}
}
@article{Pi02Mode,
  title={{Modelling the dynamics of nonlinear time series using canonical variate analysis}},
  author={Pilgram, B. and Judd, K. and Mees, A.},
  journal={Physica D: Nonlinear Phenomena},
  volume={170},
  number={2},
  pages={103--117},
  year={2002}
}
@book{schelteretal,
  title={{Handbook of Time Series Analysis}},
  author={Schelter, B. and Winterhalder, M. and Timmer, J.},
  year={2006},
  publisher={WILEY-VCH}
}
@article{Ka94Exce,
  title={{Exceptional events as evidence for determinism}},
  author={Kaplan, D.T.},
  journal={Physica D},
  volume={73},
  number={1-2},
  pages={38--48},
  year={1994}
}
@conference{Ka97Nonl,
  title={{Nonlinearity and Nonstationarity: The Use of Surrogate Data in Interpr
eting Fluctuations}},
  author={Kaplan, D.T.},
  booktitle={Proceedings of the 3rd Annual Workshop on Computer Applications of
Blood Pressure and Heart Rate Signals},
  year={1997}
}
@article{Ca92Chao,
  title={{Chaos and deterministic versus stochastic non-linear modelling}},
  author={Casdagli, M.},
  journal={Journal of the Royal Statistical Society. Series B},
  volume={54},
  number={2},
  pages={303--328},
  year={1992}
}
@book{ariolapironti,
  title={{Magnetic Control of Tokamak Plasmas}},
  author={Ariola, M. and Pironti, A.},
  year={2008},
  publisher={Springer, London}
}
@book{haddadchellaboina,
  title={{Nonlinear Dynamical Systems and Control. A Lyapunov-Based Approach  }},
  author={Haddad, W.M. and Chellaboina, V.},
  year={2008},
  publisher={Princeton University Press, Princeton}
}
@article{Ba89Slow,
  title={{The slow passage through a Hopf bifurcation: delay, memory effects, and resonance}},
  author={Baer, S.M. and Erneux, T. and Rinzel, J.},
  journal={SIAM Journal on Applied Mathematics},
  pages={55--71},
  year={1989}
}
@conference{Wa08Open,
  title={{Open and emerging control problems in tokamak plasma control}},
  author={Walker, M.L. and Schuster, E. and Mazon, D. and Moreau, D.},
  booktitle={47th IEEE Conference on Decision and Control, 2008. CDC 2008},
  pages={3125--3132},
  year={2008}
}
@article{Wa06Emer,
  title={{Emerging applications in tokamak plasma control}},
  author={Walker, M.L. and Humphreys, D.A. and Mazon, D. and Moreau, D. and Okabayashi, M. and Osborne, T.H. and Schuster, E.},
  journal={IEEE Control Systems Magazine},
  volume={26},
  number={2},
  pages={35--63},
  year={2006}
}
@article{Ca97Prac,
  title={{Practical method for determining the minimum embedding dimension of a scalar time series}},
  author={Cao, L.},
  journal={Physica D: Nonlinear Phenomena},
  volume={110},
  number={1-2},
  pages={43--50},
  year={1997}
}
@book{saaty,
  title={{Modern Nonlinear Equations}},
  author={Saaty, T.L.},
  year={1981},
  publisher={Dover Publications, New York}
}
@incollection{Go01Unfo,
  title={{An unfolding theory approach to bursting in fast--slow systems}},
  author={Golubitsky, M. and Josic, K. and Kaper, T.J.},
  booktitle={{Global Analysis of Dynamical Systems}},
  editor={Broer, H.W. and Krauskopf, B. and Vegter, G.},
  publisher={Institute of Physics Publishing},
  pages={277--308},
  year={2001}
}
@article{Da87Take,
  title={{The Takens--Bogdanov Bifurcation with O(2)-Symmetry}},
  author={Dangelmayr, G. and Knobloch, E.},
  journal={Philosophical Transactions of the Royal Society of London. Series A, Mathematical and Physical Sciences (1934-1990)},
  volume={322},
  number={1565},
  pages={243--279},
  year={1987}
}
@article{Ar88Hete,
  title={{Heteroclinic cycles and modulated travelling waves in systems with O(2) symmetry}},
  author={Armbruster, D. and Guckenheimer, J. and Holmes, P.},
  journal={Physica D: Nonlinear Phenomena},
  volume={29},
  number={3},
  pages={257-282},
  year={1988}
}
@article{Zo07Elec,
  title={{Electron fishbones: theory and experimental evidence}},
  author={Zonca, F. and Buratti, P. and Cardinali, A. and Chen, L. and Dong, J.Q. and Long, Y.X. and Milovanov, A.V. and Romanelli, F. and Smeulders, P. and Wang, L. and others},
  journal={Nuclear Fusion},
  volume={47},
  number={11},
  pages={1588},
  year={2007}
}
@book{ince,
  title={{Ordinary Differential Equations}},
  author={Ince, E.L.},
  year={1956},
  publisher={Dover Publications, New York}
}
@book{biskamp93,
  title={{Nonlinear Magnetohydrodynamics}},
  author={Biskamp, D.},
  year={1993},
  publisher={Cambridge University Press}
}
@book{spanieroldham,
  title={{An Atlas of Functions}},
  author={Spanier, J. and Oldham, K.B.},
  year={1987},
  publisher={Hemisphere Publishing, Washington}
}
@book{stoerbulirsch,
  title={{Introduction to Numerical Analysis, 3rd Edition}},
  author={Stoer, J. and Bulirsch, R.},
  year={2002},
  publisher={Springer}
}
@book{craik,
  title={{Wave Interactions and Fluid Flows}},
  author={Craik, A.D.D.},
  year={1985},
  publisher={Cambridge University Press}
}
@article{St90Rand,
  title={{Random perturbations of heteroclinic attractors}},
  author={Stone, E. and Holmes, P.},
  journal={SIAM Journal on Applied Mathematics},
  pages={726--743},
  year={1990}
}
@article{Ib05Shil,
  title={{Shil'nikov configurations in any generic unfolding of the nilpotent singularity of codimension three on R 3}},
  author={Ibanez, S. and Rodr{\i}guez, J.A.},
  journal={Journal of Differential Equations},
  volume={208},
  number={1},
  pages={147--175},
  year={2005}
}
@article{Yu01Comp,
  title={{Computation of simplest normal forms of differential equations associated with a double-zero eigenvalue}},
  author={Yuan, Y. and Yu, P.},
  journal={International Journal of Bifurcation and Chaos},
  volume={11},
  number={5},
  pages={1307--1330},
  year={2001}
}
@article{Yu03Effi,
  title={{An efficient method for computing the simplest normal forms of vector fields}},
  author={Yu, P. and Yuan, Y.},
  journal={International Journal of Bifurcation and Chaos},
  volume={13},
  number={1},
  pages={19--46},
  year={2003}
}
@article{Yu01Simp,
  title={{The simplest normal forms associated with a triple zero eigenvalue of indices one and two}},
  author={Yu, P. and Yuan, Y.},
  journal={Nonlinear Analysis-Theory Methods and Applications},
  volume={47},
  number={2},
  pages={1105--1116},
  year={2001}
}
@book{halelunel,
  title={{Introduction to functional differential equations}},
  author={Hale, J.K. and Lunel, S.M.V.},
  year={1993},
  publisher={Springer}
}
@conference{We04Boun,
  title={{Boundary switch connectors for topological visualization of complex 3D vector fields}},
  author={Weinkauf, T. and Theisel, H. and Hege, H.C. and Seidel, H.P.},
  booktitle={Data Visualization},
  pages={183--192},
  year={2004}
}
@incollection{La07Topo,
  title={{Topology-Based Flow Visualization, The State of the Art}},
  author={Laramee, R.S. and Hauser, H. and Zhao, L. and Post, F.H.},
  booktitle={{Topology-based Methods in Visualization}},
  editor={Hagen, H. and Hauser, H. and Theisel, H.},
  pages={1--19},
  year={2007},
  publisher={Springer, Berlin}
}
@article{Ca91Stat,
  title={{State space reconstruction in the presence of noise}},
  author={Casdagli, M. and Eubank, S. and Farmer, J.D. and Gibson, J.},
  journal={Physica D},
  volume={51},
  number={1-3},
  pages={52--98},
  year={1991}
}
@article{Za05Earl,
  title={{Early warning detection of runaway initiation using non-linear approaches}},
  author={Zald{\i}var, J.M. and Bosch, J. and Strozzi, F. and Zbilut, J.P.},
  journal={Communications in Nonlinear Science and Numerical Simulation},
  volume={10},
  number={3},
  pages={299--311},
  year={2005}
}
@book{topoinvis2,
  title={{Topology-based Methods in Visualization: v. 2}},
  editor={Hege, H.-C. and  Polthier, K. and Scheuermann, G.},
  year={2009},
  publisher={Springer, Berlin}
}
@book{dumortieretal,
  title={{Bifurcations of planar vector fields(nilpotent singularities and abelian integrals)}},
  author={Dumortier, F. and Roussarie, R. and Sotomayor, J. and {\.Z}oladek, H.},
  year={1991},
  publisher={Springer, Berlin}
}
@incollection{Be99Cont,
  title={{Control of dynamic bifurcations}},
  author={Berglund, N. and Schneider, K.R.},
  editor={{Aeyels, D. and Lamnabhi-Lagarrigue, F. and van der Schaft, A.J.}},
  booktitle={Stability and Stabilization of Nonlinear Systems},
  year={1999},
  pages={75--93},
  publisher={Springer}

}
@article{Ha96Cont,
  title={{Controllability near Takens-Bogdanov points}},
  author={H{\"a}ckl, G. and Schneider, K.R.},
  journal={Journal of Dynamical and Control Systems},
  volume={2},
  number={4},
  pages={583--598},
  year={1996}
}

@inproceedings{Co85Dime,
  title={{Dimensionality of fluctuations in TOSCA and JET}},
  author={Cote, A. and Haynes, P. and Howling, A. and Morris, A.W. and Robinson, D.C.},
  booktitle = "{Controlled Fusion and Plasma Physics, 12th Euro. Conf., held      in Budapest, 2-6 September 1985.}",
  publisher = {European Physical Society},
  year = 1985,
  pages = {Vol.2,450-453}
  }

@inproceedings{Ge85Dime,
  title={{Dimension measurement of fluctuations in HBTXIA}},
  author={Gee, S.J. and Taylor, J.B.},
  booktitle = "{Controlled Fusion and Plasma Physics, 12th Euro. Conf., held      in Budapest, 2-6 September 1985.}",
  publisher = {European Physical Society},
  year = 1985,
  pages = {Vol.2,446-449}
  }

@article{Ch01Sand,
  title={{Sandpile model with tokamaklike enhanced confinement phenomenology}},
  author={Chapman, S.C. and Dendy, R.O. and Hnat, B.},
  journal={Physical Review Letters},
  volume={86},
  number={13},
  pages={2814--2817},
  year={2001}
}
@article{Ju07Redu,
  title={{Reduced models for fluid flows with strong constraints}},
  author={Julien, K. and Knobloch, E.},
  journal={Journal of Mathematical Physics},
  volume={48},
  pages={065405},
  year={2007}
}
@article{Sa02Marg,
  title={{Marginal beta-limit for neoclassical tearing modes in JET H-mode discharges}},
  author={Sauter, O. and Buttery, R.J. and Felton, R. and Hender, T.C. and  Howell, D.F. and  \emph{et al}},
  journal={Plasma Physics and Controlled Fusion},
  volume={44},
  number={9},
  pages={1999--2020},
  year={2002}
}
@article{Sa02Expo,
  title={{Exponentially growing tearing modes in Rijnhuizen Tokamak Project plasmas}},
  author={Salzedas, F. and Sch{\"u}ller, F.C. and Oomens, A.A. and \emph{et al}},
  journal={Physical Review Letters},
  volume={88},
  number={7},
  pages={075002},
  year={2002}
}
@book{dupreefraley,
  title={{A Monte Carlo primer: A Practical approach to radiation transport}},
  author={Dupree, S.A. and Fraley, S.K.},
  year={2004},
  publisher={Kluwer Academic/Plenum Publishers}
}
@article{Ho96Turb,
  title={{Turbulent transport in mixed states of convective cells and sheared flows}},
  author={Horton, W. and Hu, G. and Laval, G.},
  journal={Physics of Plasmas},
  volume={3},
  number={8},
  pages={2912--2923},
  year={1996}
}
@article{Po94Resi,
  title={{The resistive interchange convection in the edge of tokamak plasmas}},
  author={Pogutse, O. and Kerner, W. and Gribkov, V. and Bazdenkov, S. and Osipenko, M.},
  journal={Plasma Physics and Controlled Fusion},
  volume={36},
  number={12},
  pages={1963--1985},
  year={1994}
}

@article{Le95Mini,
author = {V. B. Lebedev and P. H. Diamond and I. Gruzinova and B. A. Carreras},
title = {A minimal dynamical model of edge localized mode phenomena},
year = {1995},
journal = {Physics of Plasmas},
volume = {2},
number = {9},
pages = {3345-3359}
}

@article{Le93Shea,
author = {J.-N. Leboeuf and L. A. Charlton and B. A. Carreras},
title = {Shear flow effects on the nonlinear evolution of thermal instabilities},
year = {1993},
journal = {Physics of Fluids B: Plasma Physics},
volume = {5},
number = {8},
pages = {2959-2966}
}
@misc{Kn99Burs,
  author = {E. Knobloch and J. Moehlis},
  title = {Burst Mechanisms in Hydrodynamics},
  url = {http://www.citebase.org/abstract?id=oai:arXiv.org:physics/9909036},
  year = {1999}
}
@article{Kn94Norm,
  title={{Normal forms for three-dimensional parametric instabilities in ideal hydrodynamics}},
  author={Knobloch, E. and Mahalov, A. and Marsden, J.E.},
  journal={Physica D: Nonlinear Phenomena},
  volume={73},
  number={1-2},
  year={1994}
}
@article{To08Gyro,
  title={{Gyrostatic extensions of the Howard-Krishnamurti model of thermal convection with shear}},
  author={Tong, C. and Gluhovsky, A.},
  journal={Nonlinear Processes in Geophysics},
  volume={15},
  number={1},
  pages={71--79},
  year={2008}
}
@article{Mi73Appl,
  title={{The application of phase-space finite elements to the two-dimensional neutron transport
 equation in xy geometry}},
  author={Miller Jr, W.F. and Lewis, E.E. and Rossow, E.C.},
  journal={Nucl. Sci. Engng},
  volume={52},
  pages={12--22},
  year={1973}
}
@techreport{Al04Iter,
  title={{An Iterative Phase-Space Explicit Discontinuous Galerkin Method for Stellar
  Radiative Transfer in Extended Atmospheres}},
  author={de Almeida, V.F.},
  year={2004},
  number={ORNL/TM-2003/72},
  institution={ORNL}
}
@phdthesis{watson,
  title={{The WN adaptive method for numerical solution of particle transport problems}},
  author={Watson, A.M.},
  year={2006},
  institution={Texas A\&M University}
}
@article{Ki92Fini,
  title={{Finite Element Analysis of the Neutron Transport Equation in Spherical Geometry}},
  author={Kim, Y.I. and Kim, J.K. and Suk, S.D.},
  journal={Journal of the Korean Nuclear Society},
  volume={24},
  number={3},
  year={1992}
}
@article{Bo05Mode,
  author={E Boman and J Tervo and M Vauhkonen},
  title={Modelling the transport of ionizing radiation using the finite element method},
  journal={Physics in Medicine and Biology},
  volume={50},
  number={2},
  pages={265-280},
  year={2005}
}
@phdthesis{boman,
  title={{Radiotherapy Forward and Inverse Problem Applying Boltzmann Transport Equation}},
  author={ B.O.M.A.N., E.},
  year={2007},
    institution={{Department of Physics, University of Kuopio}}
}
@article{Ar85Asym,
  title={{Asymptotic chaos}},
  author={Arneodo, A. and Coullet, P.H. and Spiegel, E.A. and Tresser, C.},
  journal={Physica D: Nonlinear Phenomena},
  volume={14},
  number={3},
  pages={327-347},
  year={1985}
}
@article{Bu95Chao,
  title={{A chaotic pulsating star: The case of R Scuti}},
  author={Buchler, J.R. and Serre, T. and Kollath, Z. and Mattei, J.},
  journal={Physical Review Leters},
  volume={74},
  number={6},
  pages={842--845},
  year={1995}
}
@article{Br97Para,
  title={{Parameter uncertainties in models of equivariant dynamical systems}},
  author={Brown, R. and In, V. and Tracy, E.R.},
  journal={Physica D: Nonlinear Phenomena},
  volume={102},
  number={3-4},
  pages={208--226},
  year={1997}
}
@article{Pi09Numelong,
  title = "On Numerical Realizability of Thermal Convection",
  author = "{Piotrowski, Z.P. and Smolarkiewicz, P.K. and Malinowski, S.P. and Wyszogrodzki, A.A}",
  journal = "Journal of Computational Physics",
  volume = {228},
  number = {17},
  pages = {6268-6290},
  year = "2009",
  doi = "DOI: 10.1016/j.jcp.2009.05.023"
}

@article{Pi09Nume,
  title = "On Numerical Realizability of Thermal Convection",
  author = "{Z. Piotrowski and \emph{et al}}",
  journal = "Journal of Computational Physics",
  volume = {228},
  number = {17},
  pages = {6268-6290},
  year = {2009},
  doi = "DOI: 10.1016/j.jcp.2009.05.023"
}

@article{Pa84Reco,
  title = {{Reconnection rates of magnetic fields including the effects of viscosity}},
  author={Park, W. and Monticello, D.A. and White, R.B.},
  journal = {Physics of Fluids},
  volume = {27},
  number = {1},
  pages = {137-149},
  year = {1984}
}
@article{Fu63Fini,
  title={{Finite-Resistivity Instabilities of a Sheet Pinch}},
  author={Furth, H.P. and Killeen, J. and Rosenbluth, M.N.},
  journal={Physics of Fluids},
  volume={6},
  number = {4},
  pages={459-484},
  year={1963}
}
@article{Ha85Four,
  title={{A four-field model for tokamak plasma dynamics}},
  author={Hazeltine, R.D. and Kotschenreuther, M. and Morrison, P.J.},
  journal={Physics of Fluids},
  volume={28},
  number = {8},
  pages={2466-2477},
  year={1985}
}
@article{Su94Shea,
  title={{Shear flow generation by Reynolds stress and suppression of resistive g modes}},
  author={Sugama, H. and Horton, W.},
  journal={Physics of Plasmas},
  volume={1},
  number = {2},
  pages={345-355},
  year={1994}
}
@article{Du09BOUTlong,
  title={{BOUT++: A framework for parallel plasma fluid simulations}},
  author={Dudson, B.D. and Umansky, M.V. and Xu, X.Q. and Snyder, P.B. and Wilson, H.R.},
  journal={Computer Physics Communications},
  volume={180},
  number={9},
  pages={1467--1480},
  year={2009}
}
@article{Du09BOUT,
  title={{BOUT++: A framework for parallel plasma fluid simulations}},
  author="{B. Dudson and \emph{et al}}",
  journal={Computer Physics Communications},
  volume={180},
  number={9},
  pages={1467--1480},
  year={2009}
}
@article{Ni09Magn,
  author = {Nithyadevi, N. and Yang, R.-J.},
  title = {{Magnetoconvection in an enclosure of water near its density maximum with Soret and Dufour effects}},
  journal = {International Journal of Heat and Mass Transfer},
  volume = {52},
  number = {7-8},
  pages = {1667 - 1676},
  year = {2009}
}
@incollection{Bu07Liqu,
  title={{Liquid metal magnetohydrodynamics for fusion blankets}},
  author={Buhler, L.},
  booktitle={{Magnetohydrodynamics: Historical Evolution and Trends}},
  editor={Molokov, S. and Moreau, R. and Moffatt, H.K.},
  pages={171-194},
  year={2007},
  publisher={Springer}
}
@book{priestforbes,
  title={{Magnetic Reconnection: MHD theory and applications}},
  author={Priest, E.R. and Forbes, T.},
  year={2000},
  publisher={CUP}
}
@book{sowardetal,
  title={{Fluid dynamics and dynamos in astrophysics and geophysics: reviews emerging from the Durham Symposium on Astrophysical Fluid Mechanics, July 29 to August 8, 2002}},
  editor={Soward, AM and Jones, C.A. and Hughes, D.W. and Weiss, N.O.},
  year={2005},
  publisher={CRC}
}
@incollection{Pr05Magn,
  title={{Magnetoconvection}},
  author={Proctor, M.R.E.},
  editor={Soward, A.M. and Jones, C.A. and Hughes, D.W. and Weiss, N.O.},
  booktitle={Fluid dynamics and dynamos in astrophysics and geophysics},
  pages={235-278},
  year={2005},
  publisher={CRC}
}
@book{tritton,
  title={{Physical Fluid Dynamics, 2nd Edition}},
  author={Tritton, D.J.},
  publisher={Clarendon Press, Oxford},
  year={1988}
}
@article{Ry07Redu,
  title={{Reduced Lorenz models for anomalous transport and profile resilience}},
  author={Rypdal, K. and Garcia, O.E.},
  journal={Physics of Plasmas},
  volume={14},
  pages={022101},
  year={2007}
}
@article{Bi08Magn,
title = {Magnetoconvection in sheared magnetic fields},
journal = {Physics of Plasmas},
author = {Bian, N.H. and Garcia, O.E.},
volume = { 15},
number = { 10},
year = {2008},
pages = {102901},
}

@article{Ga06Twod,
  title={{Two-dimensional convection and interchange motions in fluids and magnetized plasmas}},
  author={Garcia, O.E. and Bian, N.H. and Naulin, V. and Nielsen, A.H. and Rasmussen, J.J.},
  journal={Phys. Scripta},
  volume={T122},
  pages={104--124},
  year={2006}
}
@article{St77Dyna,
  title={{Dynamics of high $\beta$ tokamaks}},
  author={Strauss, H.R.},
  journal={Physics of Fluids},
  volume={20},
  pages={1354-1360},
  year={1977}
}
@book{hazeltinemeiss,
  author = {R.D. Hazeltine and J.D. Meiss},
  title = {Plasma Confinement},
  publisher = {Addison-Wesley},
  address = {Redwood City},
  year = {1992}
}
@incollection{Co08ELMslong,
  title={{Edge Localised Modes(ELMs): Experiments and Theory}},
  author={Connor, J.W. and Kirk, A. and Wilson, H.R.},
  booktitle={Turbulent Transport in Fusion Plasmas: First ITER International Summer School},
  editor={Benkadda, S.},
  volume={1013},
  pages={174--190},
  publisher={AIP},
  year={2008}
}
@incollection{Co08ELMs,
  title={{Edge Localised Modes(ELMs): Experiments and Theory}},
  author={Connor, J.W. and Kirk, A. and Wilson, H.R.},
  booktitle={Turbulent Transport in Fusion Plasmas},
  editor={Benkadda, S.},
  pages={174--190},
  publisher={AIP},
  year={2008}
}
@book{thomasweiss,
  title={{Sunspots and Starspots}},
  author={Thomas, J.H. and Weiss, N.O.},
  year={2008},
  publisher={Cambridge Univ Press}
}
@article{Dr80Rate,
  title={{The rate of magnetic field penetration through a Benard convection layer}},
  author={Drobyshevski, E.M. and Kolesnikova, E.N. and Yuferev, V.S.},
  journal={Journal of Fluid Mechanics},
  volume={101},
  number={1},
  pages={65--78},
  year={1980}
}
@article{Ru03Ocea,
  title={{Oceanic double-infusion: introduction}},
  author={Ruddick, B. and Gargett, A.E.},
  journal={Progress in Oceanography},
  volume={56},
  number={3-4},
  pages={381--393},
  year={2003}
}
@article{In08Eval,
  title={{Evaluating salt-fingering theories}},
  author={Inoue, R. and Kunze, E. and St Laurent, L. and Schmitt, R.W. and Toole, J.M.},
  journal={Journal of Marine Research},
  volume={66},
  number={4},
  pages={413--440},
  year={2008}
}
@article{Ru96Anal ,
title = {Analysis of the shearing instability in nonlinear convection and
magnetoconvection},
journal = {Nonlinearity},
author = {Rucklidge, A.M. and Matthews, P.C.},
volume = { 9},
number = { 2},
year = {1996},
pages = {311 - 51},
}
@article{Co04Revi,
  title={{A review of internal transport barrier physics for steady-state operation of tokamaks}},
  author={Connor, J.W. and Fukuda, T. and Garbet, X. and Gormezano, C.},
  journal={Nucl. Fusion},
  volume={44},
  number={1},
  pages={R1--R49},
  year={2004}
}

@article{Wi97Limi,
  title={{The limited effectiveness of normal forms: A critical review and extension of local bifurcation studies of the Brusselator PDE}},
  author={Wittenberg, R.W. and Holmes, P.},
  journal={Physica D: Nonlinear Phenomena},
  volume={100},
  number={1-2},
  pages={1--40},
  year={1997}
}
@article{Pr93Symm,
  title={{Symmetries of time-dependent magnetoconvection}},
  author={Proctor, M.R.E. and Weiss, N.O.},
  journal={Geophysical \& Astrophysical Fluid Dynamics},
  volume={70},
  number={1},
  pages={137--160},
  year={1993}
}
@inproceedings{So09Highlong,
  title={{High Temperature Pedestals in JET and confined current filaments}},
  author={E.R. Solano, P.J. Lomas, B. Alper, G. Xu, Y. Andrew, G. Arnoux, A. Boboc,
  L. Barrera, P. Belo, M.N.A. Beurskens, M. Brix, K. Crombe, E. de la Luna, S. Devaux,
  T. Eich, S. Gerasimov, C. Giroud, D. Harting, D. Howell, A. Huber, G. Kocsis,
  A. Korotkov, A. Lopez-Fraguas, M. F. F. Nave, C. Perez Von Thun, E. Rachlew,
  F. Rimini, S. Saarelma, A. Sirinelli, L. Zabeo, D. Zarzoso and JET EFDA contributors}},
  booktitle = "{Proceedings of  36th European Conference on Plasma Physics}",
  volume={{to appear}},
  pages={-},
  publisher={European Physical Society},
  year=2009
}
@inproceedings{So09High,
  title={{High Temperature Pedestals in JET and confined current filaments}},
  author="{E. Solano and \emph{et al}}",
  booktitle = "{Proceedings of  36th European Conference on Plasma Physics}",
  publisher={EPS},
  year=2009
}
@article{Mi01Tran,
  title={{Transitions of natural convection in a horizontal annulus}},
  author={Mizushima, J. and Hayashi, S. and Adachi, T.},
  journal={International Journal of Heat and Mass Transfer},
  volume={44},
  number={6},
  pages={1249--1257},
  year={2001},
  note={\url{https://doi.org/10.1016/S0017-9310(00)00188-5}}
}
@article{Li78Form,
  title={{The formation of banded salt finger structure}},
  author={Linden, P.F.},
  journal={Journal of Geophysical Research-Oceans},
  volume={83},
  number={C6},
  pages={2902--2912},
  year={1978}
}
@article{Sc81Form,
  title={{Form of the temperature-salinity relationship in the Central Water: Evidence for double-diffusive mixing}},
  author={Schmitt, R.W.},
  journal={Journal of Physical Oceanography},
  volume={11},
  number={7},
  pages={1015--1026},
  year={1981}
}
@article{Li74Form,
  title={{Salt fingers in a steady shear flow}},
  author={Linden, P. F.},
  journal={Geophysical \& Astrophysical Fluid Dynamics},
  volume={6},
  number={1},
  pages={1--27},
  year={1974}
}
@book{kaynedderman,
  title={{Fluid Mechanics and Transport Processes}},
  author={Kay, J.M. and Nedderman, R.M.},
  year={1985},
  publisher={Cambridge University Press}
}
@article{Dy99Nume,
  title={{A numerical and experimental investigation of stability of natural convective flows within a horizontal annulus}},
  author={Dyko, M.P. and Vafai, K. and Mojtabi, A.K.},
  journal={Journal of Fluid Mechanics},
  volume={381},
  pages={27--61},
  year={1999}
}
@article{Gh97Doub,
  title={{Double diffusive convection in a vertical rectangular cavity}},
  author={Ghorayeb, K. and Mojtabi, A.},
  journal={Physics of Fluids},
  volume={9},
  pages={2339},
  year={1997}
}
@techreport{Ra93Desc,
title ={{Description and Use of LSODE, the Livermore Solver for Ordinary Differential Equations}},
author = {Radhakrishnan, K. and Hindmarsh, A.C.},
institution = {Lawrence Livermore National Laboratory},
url = {http://gltrs.grc.nasa.gov/cgi-bin/GLTRS/browse.pl?2003/RP-1327.html},
number = {UCRL-ID-113855 (NASA RP-1327)},
year = {1993}
}
@article{Sw84FFTa,
  title={{FFT algorithms for vector computers}},
  author={Swarztrauber, P.N.},
  journal={Parallel Computing},
  note={\url{http://www.cisl.ucar.edu/css/software/fftpack5}},
  volume={1},
  number={1},
  pages={45--63},
  year={1984}
}

@article{Bu09Adap,
author = {Budd, C.J. and Huang, W. and Russell, R.D.},
title = {Adaptivity with moving grids},
journal = {Acta Numerica},
volume = {18},
pages = {111-241},
year = {2009}
}

@article{Ba07Simu,
  title={{Simulation of Fusion Plasmas: Current Status and Future Direction}},
  author={Batchelor, D.A. and others},
  journal={Plasma Science and Technology},
  volume={9},
  pages={312--387},
  year={2007}
}
@article{Cl01Nume,
  title={{The numerical analysis of bifurcation problems with application to fluid mechanics}},
  author={Cliffe, K.A. and Spence, A. and Tavener, S.J.},
  journal={Acta Numerica},
  volume={9},
  pages={39--131},
  year={2001}
}
@incollection{Ni09Math,
  title={{Mathematical concepts of data assimilation}},
  author={Nichols, N.},
  booktitle={Data assimilation: making sense of observations},
  editor={LAHOZ, W. and  SWINBANK, R. and KHATTATOV, B.},
  pages={-},
  publisher={Springer},
  year={2009}
}

@article{Fi03Dyna,
  title={{Dynamical analysis of the nonlinear growth of the m=n=1 resistive internal mode}},
  author={Firpo, M.C. and Coppi, B.},
  journal={Physical Review Letters},
  volume={90},
  number={9},
  pages={095003},
  year={2003}
}
@article{Fi98Nonl,
  title={{Nonlinear tearing modes in the presence of resistive wall and rotation}},
  author={Finn, J.M. and Sovinec, C.R.},
  journal={Physics of Plasmas},
  volume={5},
  pages={461-480},
  year={1998}
}
@article{Te99Bifu,
  title={{Bifurcated equilibria in two-dimensional MHD with diamagnetic effects}},
  author={Tebaldi, C. and Ottaviani, M.},
  journal={Journal of Plasma Physics},
  volume={62},
  number={05},
  pages={513--529},
  year={1999}
}

@article{Te96Bifu,
  title={{Bifurcations and intermittent magnetic activity}},
  author={Tebaldi, C. and Ottaviani, M. and Porcelli, F.},
  journal={Plasma Physics and Controlled Fusion},
  volume={38},
  number={4},
  pages={619--625},
  year={1996}
}

@book{freidberg,
  title={{Plasma Physics and Fusion Energy}},
  author={Freidberg, J.P.},
  year={2007},
  publisher={Cambridge University Press}
}
@article{Lo09Turb,
  title={{Turbulent magnetic reconnection in two dimensions}},
  author="{N. Loureiro and \emph{et al}.}",
  journal={Monthly Notices of the Royal Astronomical Society},
  pages={L309},
  year={2009}
}
@article{Lo09Turb-full,
  title={{Turbulent magnetic reconnection in two dimensions}},
  author={Loureiro, N.F. and Uzdensky, D.A. and Schekochihin, A.A. and Cowley, S.C. and Yousef, T.A.},
  journal={Monthly Notices of the Royal Astronomical Society},
  pages={L309},
  year={2009}
}
@article{Lo05Xpoi,
  title={{X-point collapse and saturation in the nonlinear tearing mode reconnection}},
  author="{N. Loureiro and \emph{et al}.}",
  journal={Physical Review Letters},
  volume={95},
  number={23},
  pages={235003},
  year={2005}
}
@article{Lo05Xpoi-full,
  title={{X-point collapse and saturation in the nonlinear tearing mode reconnection}},
  author={Loureiro, N.F. and Cowley, S.C. and Dorland, W.D. and Haines, M.G. and Schekochihin, A.A.},
  journal={Physical Review Letters},
  volume={95},
  number={23},
  pages={235003},
  year={2005}
}
@article{Vr09Stat,
  title={{Statistical analysis of disruptions in JET}},
  author={de Vries, P.C. and Johnson, M.F. and Segui, I. and EFDA, JET},
  journal={Nuclear Fusion},
  volume={49},
  number={5},
  pages={5011},
  year={2009}
}
@book{biskamp00,
  title={{Magnetic Reconnection in Plasmas}},
  author={Biskamp, D.},
  year={2000},
  publisher={Cambridge University Press}
}
@article{Ec09Intr,
  title={{Introduction. Turbulence transition in pipe flow: 125th anniversary of the publication of Reynolds' paper}},
  author={Eckhardt, B.},
  journal={Philosophical Transactions of the Royal Society A: Mathematical, Physical and Engineering Sciences},
  volume={367},
  number={1888},
  pages={449-455},
  year={2009}
}
@article{Wi04Theo,
  title={{Theory for explosive ideal magnetohydrodynamic instabilities in plasmas}},
  author={Wilson, H.R. and Cowley, S.C.},
  journal={Physical Review Letters},
  volume={92},
  number={17},
  pages={175006--175006},
  year={2004}
}
@article{Co97Expl,
  title={{Explosive instabilities and detonation in magnetohydrodynamics}},
  author={Cowley, S.C. and Artun, M.},
  journal={Physics Reports},
  volume={283},
  pages={185--211},
  year={1997}
}
@article{Co96Deto,
  title={{Detonation: A mechanism for the explosive release of energy in a plasma}},
  author={Cowley, S. and Artun, M. and Albright, B.},
  journal={Physics of Plasmas},
  volume={3},
  number={5},
  pages={1848-1852},
  year={1996}
}
@book{thompsonstewart,
  title={{Nonlinear Dynamics and Chaos, 2nd Edition}},
  author={Thompson, J.M.T. and Stewart, H.B.},
  year={2002},
  publisher={John Wiley \& Sons Inc}
}
@article{Pr02Magn,
  title={{The magnetic nature of solar flares}},
  author={Priest, E.R. and Forbes, T.G.},
  journal={Astronomy and Astrophysics Review},
  volume={10},
  pages={313--377},
  year={2002}
}
@ARTICLE{Ro09Labo,
  title = "{Laboratory observations of double-diffusive convection using high-frequency broadband acoustics}",
  author = {Ross, T. and Lavery, A.},
  journal = {Experiments in Fluids},
  year = 2009,
  volume = 46,
  pages = {355-364}
}

@article{Sr09Rela,
  title={{On the relationship between finger width, velocity, and fluxes in thermohaline convection}},
  author={Sreenivas, K.R. and Singh, O.P. and Srinivasan, J.},
  journal={Physics of Fluids},
  volume={21},
  pages={026601},
  year={2009}
}
@article{Bu09Reco,
  title={{Reconnecting Magnetic Fields}},
  author={Burch, J.L. and Drake, J.F.},
  journal={American Scientist},
  volume=97,
  number=5,
  pages = {392-399},
  year={2009}
}
@article{Wo04Time,
  title={{Time-dependent fluxes across double-diffusive interfaces}},
  author={Worster, M.G.},
  journal={Journal of Fluid Mechanics},
  volume={505},
  pages={287--307},
  year={2004}
}
@article{Bu08Perf,
  title={{Performance-Limiting Magnetohydrodynamics in JET}},
  author={Buttery, R.J. and Hender, T.C.},
  journal={Fusion Science and Technology},
  volume={53},
  number={4},
  pages={1080--1102},
  year={2008}
}
@article{Ma81Effe,
  title={{Effects of truncation in modal representations of thermal convection}},
  author={Marcus, P.S.},
  journal={Journal of Fluid Mechanics},
  volume={103},
  pages={241-255},
  year={1981}
}
@book{batchelormoffattworster,
  title={{Perspectives in Fluid Dynamics}},
  editor={Batchelor, GK and Moffatt, HK and Worster, MG},
  publisher={Cambridge University Press},
  year={2002}
}
@incollection{Ru99Asym,
  title={{ASYMPTOTIC METHODS IN MAGNETOCONVECTION}},
  author={RUDRAIAH, N.},
  booktitle={Recent Advances in Fluid Mechanics},
  pages={193},
  editor={{Sachdev, P.L. and M. Venkatachalappa, M.}},
  year={1999},
  publisher={CRC}
}
@book{sachdevvenkat,
  title={Recent Advances in Fluid Mechanics},
  editor={{Sachdev, P.L. and M. Venkatachalappa, M.}},
  year={1999},
  publisher={CRC}
}
@article{Pr80Line,
  title={{Linear analysis of the double-tearing mode}},
  author={Pritchett, P.L. and Lee, Y.C. and Drake, J.F.},
  journal={Physics of Fluids},
  volume={23},
  number={7},
  pages={1368--1374},
  year={1980}
}
@article{Zo96Edge,
  title={{Edge localized modes (ELMs)}},
  author={Zohm, H.},
  journal={Plasma Physics and Controlled Fusion},
  volume={38},
  pages={105--128},
  year={1996}
}
@article{He08Nonl,
  title={{Nonlinear vortex development in rotating flows}},
  author={Hewitt, R.E. and Mullin, T. and Tavener, S.J. and Khan, M.A.I. and Treacher, P.D.},
  Journal={Philosophical Transactions-Royal Society of London Series A Mathematical Physical and Engineering Sciences},
  volume={366},
  number={1868},
  pages={1317},
  year={2008}
}
@book{isaacsonkeller,
  title={{Analysis of Numerical Methods}},
  author={Isaacson, E. and Keller, H.B.},
  year={1966},
  publisher={Wiley}
}
@book{peyrettaylor,
  title={{Computational Methods for Fluid Flow}},
  author={Peyret, R. and Taylor, T.D.},
  year={1983},
  publisher={Springer}
}
@article{Go98Inte,
  title={{Internal Transport Barriers in JET Deuterium-Tritium Plasmas}},
  author={Gormezano, C. and Baranov, YF and Challis, CD and Coffey, I. and Cottrell, GA and Ekedahl, AC and Greenfield, CM and Howman, AC and Huysmans, GTA and Keilhacker, M. and others},
  journal={Physical Review Letters},
  volume={80},
  number={25},
  pages={5544--5547},
  year={1998}
}
@article{Go98Inteshort,
  title={{Internal Transport Barriers in JET Deuterium-Tritium Plasmas}},
  author={Gormezano, C. and \emph{et al}},
  journal={Physical Review Letters},
  volume={80},
  number={25},
  pages={5544--5547},
  year={1998}
}

@incollection{Mo09Sing,
  title={{Singularities in Fluid Dynamics and their Resolution}},
  author={Moffatt, H.K.},
  editor={R.L. Ricca},
  booktitle={Lectures on Topological Fluid Mechanics},
  pages={157--166},
  year={2009},
  publisher={Springer Verlag}
}
@article{Ho09Blow,
  title={{Blow-up or no blow-up? A unified computational and analytic approach to 3D incompressible Euler and Navier--Stokes equations}},
  author={Hou, T.Y.},
  journal={Acta Numerica},
  volume={18},
  pages={277--346},
  year={2009}
}

@book{biskamp03,
  title={{Magnetohydrodynamic turbulence}},
  author={Biskamp, D.},
  year={2003},
  publisher={Cambridge Univ Press}
}

@article{Fo73Inst,
  title={{On the instability of leap-frog and Crank-Nicolson approximations of a nonlinear partial differential equation}},
  author={Fornberg, B.},
  journal={Mathematics of Computation},
  volume={27},
  number={121},
  pages={45--57},
  year={1973}
}

@misc{davidson,
  author = {J. Davidson},
  title = {Dynamics of Semi-discretised Fluid Flow},
  note = {Dissertation submitted to the University of Cambridge},
  year = {1995}
}
@book{siegert,
  title={{Local Lyapunov exponents}},
  author={Siegert, W.},
  year={2009},
  publisher={Springer, Berlin}
}
@article{Ca10Kine,
  title={{Kinetic Effects in the Pedestal of a Tokamak}},
  author={Catto, P.J. and Kagan, G.},
  journal={Contributions to Plasma Physics},
  volume={50},
  number={3-5},
  pages={319--323},
  year={2010}
}
@article{Pr86Plan,
author = {Proctor, M.R.E. and Holyer, J.Y.},
title = {Planform selection in salt fingers},
journal = {Journal of Fluid Mechanics},
volume = {168},
pages = {241-253},
year = {1986}
}
@phdthesis{barnes,
  title={{Trinity: A Unified Treatment of Turbulence, Transport and Heating
  in Magnetized Plasmas}},
  author={Barnes, M.A.},
  year={2008},
  school={University of Maryland}
}
@article{Ta10TOKA,
  title = {{TOKAM-3D: A 3D fluid code for transport and turbulence in the edge plasma of Tokamaks}},
  author={Tamain, P. and Ghendrih, Ph. and Tsitrone, E. and Grandgirard, V. and Garbet, X. and Sarazin, Y. and Serre, E. and Ciraolo, G. and Chiavassa, G.},
  journal = {Journal of Computational Physics},
  volume = {229},
  number = {2},
  pages = {361--378},
  year = {2010}
}
@article{Du15BOUT,
  title={{BOUT++: Recent and current developments}},
  author={Dudson, B.D. and Allen, A. and Breyiannis, G. and Brugger, E. and Buchanan, J. and Easy, L. and Farley, S. and Joseph, I. and Kim, M. and McGann, A.D. and others},
  journal={Journal of Plasma Physics},
  volume={81},
  number={01},
  pages={365810104},
  year={2015}
}
