@article{Lu19ComP,
  title={ComPat framework for multiscale simulations applied to fusion plasmas},
  author={Luk, O.O. and Hoenen, O. and Bottino, A. and Scott, B.D. and Coster, D.P.},
  journal={Computer Physics Communications},
  volume={239},
  pages={126--133},
  year={2019}
}
@article{Do19Euro, 
  title={The European roadmap towards fusion electricity},
  author={Donn{\'e}, A.J.H.},
  journal={Philosophical Transactions of the Royal Society A},
  volume={377},
  number={2141},
  pages={20170432},
  year={2019},
  note="\url{http://dx.doi.org/10.1098/rsta.2017.0432}"
}
@inproceedings{Ri14Visu,
  title={{Visualizing results in the SALOME platform for large numerical simulations: an integration of ParaView}},
  author={Rib{\'e}s, A. and Bruneton, A.},
  booktitle={2014 IEEE 4th Symposium on Large Data Analysis and Visualization (LDAV)},
  pages={119--120},
  year={2014},
  organization={IEEE}
}
@article{Pa79Desi,
  title={Designing software for ease of extension and contraction},
  author={Parnas, D.L.},
  journal={IEEE transactions on software engineering},
  volume={{SE-5}},
  number={2},
  pages={128--138},
  year={1979}
}
@misc{netlib,
  title={{netlib}},
  howpublished="\url{https://www.netlib.org}",
  note={{Online; accessed August 2019}},
  year={2019}
}
@book{newhamrosenblatt,
  title={{Learning the bash shell: Unix shell programming}},
  author={Newham, C. and Rosenblatt, B.},
  year={2005},
  publisher={{O'Reilly Media, Inc.}}
}
@book{barr,
  title={The problem with software: Why smart engineers write bad code},
  author={Barr, A.},
  year={2018},
  publisher={MIT Press}
}
@book{rostglass,
  title={The dark side of software engineering: evil on computing projects},
  author={Rost, J. and Glass, R.L.},
  year={2011},
  publisher={John Wiley \& Sons}
}
@misc{ecss40,
  title={{ECSS-E-ST-40C - Software}},
  author={{European Space Agency for the members of ECSS}},
  howpublished="\url{http://ecss.nl/standard/ecss-e-st-40c-software-general-requirements}",
  note={{Online; replaces ECSS-E-40 standards, accessed October 2019}},
  year={2009}
}
@misc{ecss40lite,
  title={{A Rough Guilde to Software Development}},
  author={Arter, W.},
  note={{Unpublished note}},
  year={July 31, 2007}
}
@article{Me15Inte,
  title={{Integrated modeling applications for tokamak experiments with OMFIT}},
  author={Meneghini, O. and Smith, S.P. and Lao, L.L. and Izacard, O. and Ren, Q. and Park, J.M. and Candy, J. and Wang, Z. and Luna, C.J. and Izzo, V.A. and others},
  journal={Nuclear Fusion},
  volume={55},
  number={8},
  pages={{083008 (13 pages)}},
  year={2015}
}
@article{Ba13What,
  title={What makes computational open source software libraries successful?},
  author={Bangerth, W. and Heister, T.},
  journal={Computational Science \& Discovery},
  volume={6},
  number={1},
  pages={{015010 (18 pages)}},
  year={2013}
}
@techreport{Pe17Nucl,
  title={{Nuclear Fusion Reactors -- safety and radiation protection considerations for demonstration reactors}},
 author={Perrault, D.},
  year=2017,
  institution={IRSN},
  number={{IRSN-2017/199}},
}
@misc{Co18Priv,
  author={Coleman, M.},
  note={{Private communication}},
  year=2018
}
@article{Su19Engi,
  title={Engineering challenges for accelerated fusion demonstrators},
  author={Surrey, E.},
  journal={Philosophical Transactions of the Royal Society A},
  volume={377},
  number={2141},
  pages={{20170442 (14 pages)}},
  year={2019}
}
@article{Wi19impa,
  title={The impact of plasma physics on the timescale to a tokamak fusion power plant},
  author={Wilson, H.},
  journal={Philosophical Transactions of the Royal Society A},
  volume={377},
  number={2141},
  pages={{20170435 (14 pages)}},
  year={2019}
}
@incollection{Du16Soft,
  title={Software Process for Multiphysics Multicomponent Codes},
  author={Dubey, A. and Antypas, K. and Coon, E. and Riley, K.},
  booktitle={Software Engineering for Science},
  editor={Carver, J.C. and Chue Hong, N.P. and Thiruvathukal, G.K.},
  pages={1-26},
  year={2017},
  publisher={Chapman and Hall/CRC}
}
@article{Du19divi,
  title={The dividends of investing in computational software design: A case study},
  author={Dubey, A. and Tzeferacos, P. and Lamb, D.Q.},
  journal={The International Journal of High Performance Computing Applications},
  volume={33},
  number={2},
  pages={322--331},
  year={2019}
}
@book{carverhong,
  title={Software Engineering for Science},
  editor={Carver, J.C. and Chue Hong, N.P. and Thiruvathukal, G.K.},
  publisher={{Chapman \& Hall/CRC Computational Science}},
  year={2017}
}
@book{carverhongover,
  title={Software Engineering for Science -- Book Overview},
  editor={Carver, J.C. and Chue Hong, N.P. and Thiruvathukal, G.K.},
  publisher={{Chapman \& Hall/CRC Computational Science}},
  howpublished="\url{https://ecommons.luc.edu/cgi/viewcontent.cgi?article=1127&context=cs\_facpubs}",
  year={2017}
}
@article{Wi14Soft,
  title={Software Carpentry: lessons learned},
  author={Wilson, G.},
  journal={F1000Research},
  volume={3},
  year={2014},
  publisher={Faculty of 1000 Ltd}
}
@article{Wi06Soft,
  title={Software carpentry: getting scientists to write better code by making them more productive},
  author={Wilson, G.},
  journal={Computing in Science \& Engineering},
  volume={8},
  number={6},
  pages={66--69},
  year={2006}
}
@article{HE19Road,
  author={{The HEP Software Foundation}},
  title={{A Roadmap for HEP Software and Computing R\&D for the 2020s}},
  journal={{Computing and Software for Big Science}},
  year=2019,
  volume=3,
  number=1,
  pages={{7 (49 pages)}},
  note={{https://doi.org/10.1007/s41781-018-0018-8}}
}
@article{Ei18comp,
  title={A comparative study of programming languages for next-generation astrodynamics systems},
  author={Eichhorn, H. and Cano, J.L. and McLean, F. and Anderl, R.},
  journal={CEAS Space Journal},
  volume={10},
  number={1},
  pages={115--123},
  year={2018}
}
@book{rousonxiaxu,
  Title={{Scientific Software Design: The Object-Oriented Way}},
  author={Rouson, D. and Xia, J. and Xu, X.},
  year={2011},
  publisher={Cambridge University Press}
}
@techreport{rdmap12,
  title={Fusion electricity: A roadmap to the realisation of fusion electricity},
 author={Romanelli, F. and Barabaschi, P. and Borba, D. and Federici, G. and Horton, L. and Neu, R. and Stork, D. and Zohm, H.},
  year=2012,
  institution={EFDA},
  number={{ISBN 978-3-00-040720-8}},
  note={{https://www.eurofusion.org/wpcms/wp-content/uploads/2013/01/JG12.356-web.pdf}}
}
@article{To15Cont,
  title={Continuous analogues of matrix factorizations},
  author={Townsend, A. and Trefethen, L.N.},
  journal={Proceedings of the Royal Society A: Mathematical, Physical and Engineering Sciences},
  volume={471},
  number={2173},
  pages={20140585},
  year={2015}
}
@article{Ha17Cheb,
  title={Chebfun in three dimensions},
  author={Hashemi, B. and Trefethen, L.N.},
  journal={SIAM Journal on Scientific Computing},
  volume={39},
  number={5},
  pages={C341--C363},
  year={2017}
}
@article{Ha15High,
  title={{High-performance design patterns for modern Fortran}},
  author={Haveraaen, M. and Morris, K. and Rouson, D. and Radhakrishnan, H. and Carson, C.},
  journal={Scientific Programming},
  volume={Article ID 942059, 14 pages},
  year={2015}
}
@techreport{Ba15Mult,
  title={Multiphysics and multiscale software frameworks: An annotated bibliography},
  author={Babur, O. and Verhoeff, T. and Van Den Brand, M.G.J.},
  institution={Technische University Eindhoven},
  number={Computer Science Reports 1501},
  howpublished="\url{https://research.tue.nl/en/publications/multiphysics-and-multiscale-software-frameworks-an-annotated-bibl}",
  year={2015}
}
@phdthesis{khuwaileh,
  title={Scalable methods for uncertainty quantification, data assimilation and target accuracy assessment for multi-physics advanced simulation of light water reactors},
  author={Khuwaileh, B.},
  year={2015},
  institution={North Carolina State University}
}
@article{Br19Perf,
  title={{Performance Comparison of HPX Versus Traditional Parallelization Strategies for the Discontinuous Galerkin Method}},
  author={Bremer, M. and Kazhyken, K. and Kaiser, H. and Michoski, C. and Dawson, C.},
  journal={Journal of Scientific Computing},
  pages={1--25},
  year={2019}
}
@article{Bu19Deda,
  title={Dedalus: A Flexible Framework for Numerical Simulations with Spectral Methods},
  author={Burns, K.J. and Vasil, G.M. and Oishi, J.S. and Lecoanet, D. and Brown, B.P.},
  journal={arXiv preprint arXiv:1905.10388},
  year={2019}
}
@article{Na19Exte,
  title={Extended ForUML for Automatic Generation of UML Sequence Diagrams from Object-Oriented Fortran},
  author={Nanthaamornphong, A. and Leatongkam, A.},
  journal={Scientific Programming},
  volume={Article ID 2542686, 22 pages},
  year={2019}
}
@article{Na15Extr,
  title={{Extracting UML class diagrams from object-oriented fortran: ForUML}},
  author={Nanthaamornphong, A. and Carver, J. and Morris, K. and Filippone, S.},
  journal={Scientific Programming},
  volume={Article ID 421816, 15 pages},
  year={2015}
}
@book{raineytolk,
  title={Modeling and simulation support for system of systems engineering applications},
  editor={Rainey, L.B. and Tolk, A.},
  year={2015},
  publisher={Wiley Online Library}
}
@incollection{Jo15Comp,
  booktitle={Modeling and simulation support for system of systems engineering applications},
  editor={Rainey, L.B. and Tolk, A.},
  title={Composability},
  author={Jones, M.C.},
  pages={43--73},
  year={2015},
  publisher={Wiley Online Library}
}
@article{ReacTu17fram,
  title={{A framework for the generation of high-order curvilinear hybrid meshes for CFD simulations}},
  author={Turner, M. and Moxey, D. and Peir{\'o}, J. and Gammon, M. and Pollard, C.R. and Bucklow, H.},
  journal={Procedia Engineering},
  volume={203},
  pages={206--218},
  note={http://dx.doi.org/10.1016/j.proeng.2017.09.808},
  year={2017}
}
@book{Reaccormenetal,
  title={{Introduction to Algorithms}},
  author={Cormen, T.H. and Leiserson, C.E. and Rivest, R.L. and Stein, C.},
  publisher={MIT Press},
  year={2009}
}
@article{ReacCa15Nekt,
  title={Nektar++: An open-source spectral/hp element framework},
  author={Cantwell, C.D. and Moxey, D. and Comerford, A. and Bolis, A. and Rocco, G. and Mengaldo, G. and De Grazia, D. and Yakovlev, S. and Lombard, J.-E. and Ekelschot, D.  and Jordi, B. and Xu, H. and Mohamied, Y. and Eskilsson, C. and Nelson, B. and Vos, P. and Biotto, C. and Kirby, R.M. and Sherwin, S.J.},
  journal={Computer Physics Communications},
  note={{https://doi.org/10.1016/j.cpc.2015.02.008}},
  volume={192},
  pages={205--219},
  year={2015}
}
@book{zhdanov,
  title={Transport processes in multicomponent plasma},
  author={Zhdanov, V.M.},
  year={2002},
  publisher={CRC Press}
}
@book{sommerville10,
  title={{Software Engineering, Tenth Edition}},
  author={Sommerville, I.},
  publisher={Pearson Education Limited, Harlow},
  year=2016
}
@book{booch,
  title={{Object Oriented Design with applications}},
  author={Booch, G.},
  publisher={Benjamin/Cummings, Redwood},
  year=1991
}
@book{douglass,
  title={{Real Time UML Workshop for Embedded Systems}},
  author={Douglass, B.P.},
  publisher={Elsevier, Amsterdam},
  year=2006
}
@book{oliveirastewart,
  title={Writing Scientific Software: a guide to good style},
  author={Oliveira, S. and Stewart, D.E.},
  year={2006},
  publisher={Cambridge University Press}
}
@book{friedenthaletal,
  title={{A Practical Guide to SysML: The Systems Modeling Language}},
  author={Friedenthal, S. and Moore, A. and Steiner, R.},
  publisher={Elsevier, Amsterdam},
  year=2011
}
@book{numrich,
  title={{Parallel Programming with Co-arrays}},
  author={Numrich, R.W.},
  year={2019},
  publisher={Chapman and Hall/CRC, Boca Raton}
}
@techreport{roadmap2018,
  author={Donne, A. and Morris, W.},
  title={{European Research Roadmap to the Realisation of Fusion Energy}},
  note="\url{https://www.euro-fusion.org/fileadmin/user_upload/EUROfusion/Documents/2018_Research_roadmap_long_version_01.pdf}",
  year=2018,
  institution={{Eurofusion}}
}
@book{fritzson2,
  title={{Principles of object-oriented modeling and simulation with Modelica 3.3: a cyber-physical approach}},
  author={Fritzson, P.},
  year={2014},
  publisher={John Wiley \& Sons}
}
@misc{standish,
  author={{Standish Group}},
  howpublished="\url{https://standishgroup.com/}",
  note={{Online; accessed August 2019}},
  year={2019}
}
@misc{OMFIT,
  title={{OMFIT}},
  howpublished="\url{https://gafusion.github.io/OMFIT-source/}",
  note={{Online; accessed August 2019}},
  year={2019}
}
@misc{3DS,
  title={{Dassault 3DExperience}},
  howpublished="\url{https://www.3ds.com/}",
  note={{Online; accessed August 2019}},
  year={2019}
}
@misc{ANSYS,
  title={{ANSYS TwinBuilder}},
  howpublished="\url{https://www.ansys.com/products/systems}",
  note={{Online; accessed August 2019}},
  year={2019}
}
@misc{Siemens,
  title={{Siemens Digital Enterprise}},
  howpublished="\url{https://new.siemens.com/uk/en/company/topic-areas/digital-enterprise.html}",
  note={{Online; accessed August 2019}},
  year={2019}
}
@article{St17Brid,
  title={{Bridging the chasm: A survey of software engineering practice in scientific programming}},
  author={Storer, T.},
  journal={ACM Computing Surveys (CSUR)},
  volume={50},
  number={4},
  pages={47},
  year={2017}
}
@article{Be17over,
  title={An overview of the model integration process: From pre-integration assessment to testing},
  author={Belete, G.F. and Voinov, A. and Laniak, G.F.},
  journal={Environmental modelling \& software},
  volume={87},
  pages={49--63},
  year={2017}
}
@book{gould,
  title={{Complete Maya Programming: An extensive guide to MEL and C++ API}},
  author={Gould, D.A.D.},
  year={2003},
  publisher={Elsevier}
}
@article{Ob18useo,
  title={On the use of models for high-performance scientific computing applications: an experience report},
  author={Ober, I. and Palyart, M. and Bruel, J.-M. and Lugato, D.},
  journal={Software \& Systems Modeling},
  volume={17},
  number={1},
  pages={319--342},
  year={2018}
}
@article{Al06comp,
  title={A component architecture for high-performance scientific computing},
  author={Allan, B.A. and Armstrong, R. and Bernholdt, D.E. and Allan, B.A. and Armstrong, R. and Bertrand, F. and Chiu, K. and Dahlgren, T.L. and Damevski, K. and Elwasif, W.R. and Epperly, T.W. and Govindaraju, M. and others},
  journal={International Journal of High Performance Computing Applications},
  volume={20},
  number={2},
  pages={163--202},
  year={2006}
}
@article{Hi04arch,
  title={The architecture of the earth system modeling framework},
  author={Hill, C. and DeLuca, C. and Suarez, M. and Da Silva, A. and others},
  journal={Computing in Science \& Engineering},
  volume={6},
  number={1},
  pages={18--28},
  year={2004}
}
@article{Th16eart,
  title={{The earth system prediction suite: toward a coordinated US modeling capability}},
  author={Theurich, G. and DeLuca, C. and Campbell, T. and Liu, F. and Saint, K. and Vertenstein, M. and Chen, J. and Oehmke, R. and Doyle, J. and Whitcomb, T. and Wallcraft, A. and Iredell, M. and Black, T. and da Silva, A. and Clune, T. and Ferraro, R. and Li, P. and Kelley, M. and Aleinov, I. and Balaji, V. and Zadeh, N. and Jacob, R. and Kirtman, B. and Giraldo, F. and Mc Carren, D. and Sandgathe, S. and Peckham, S. and Dunlap IV, R.},
  journal={Bulletin of the American Meteorological Society},
  volume={97},
  number={7},
  pages={1229--1247},
  year={2016}
}
@article{He07Arch,
  title={Architecture of a database system},
  author={Hellerstein, J. M. and Stonebraker, M. and Hamilton, J.},
  journal={Foundations and Trends in Databases},
  volume={1},
  number={2},
  pages={141--259},
  year={2007}
}
@techreport{babelusers,
  title={{Babel Users' Guide}},
  author={Dahlgren, T. and Ebner, D. and Epperly, T. and Kumfert, G. and Leek, J. and Prantl. A.},
  year={2012},
  institution={Lawrence Livermore National Lab.(LLNL), Livermore, CA (United States)},
  number={UCRL-SM-230026}
}
@article{Ad19LFRi,
  title={{LFRic: Meeting the challenges of scalability and performance portability in Weather and Climate models}},
  author={Adams, S.V. and Ford, R.W. and Hambley, M. and Hobson, J.M. and Kav{\v{c}}i{\v{c}}, I. and Maynard, C.M. and Melvin, T. and M{\"u}ller, E.H. and Mullerworth, S. and Porter, A.R. and Rezny, M. and Shipway, B.J. and Wong, R.},
  journal={Journal of Parallel and Distributed Computing},
  volume=132,
  pages={383--396},
  year={2019}
}
@article{Va13OASI,
  title={{The OASIS3 coupler: a European climate modelling community software}},
  author={Valcke, S.},
  journal={Geoscientific Model Development},
  volume={6},
  number={2},
  pages={373--388},
  year={2013}
}
@techreport{colemanetal,
  author={Coleman, M. and Cismondi, F. and Siccinio, M.},
  title={{Power Plant Physics \& Technology Modelling Needs in FP9 (2020-2015)}},
  number={{Draft, private communication}},
  institution={{Eurofusion}},
  year=2019
}
@article{Pa16fram,
  title={A framework for an integrated nuclear digital environment},
  author={Patterson, E.A. and Taylor, R.J. and Bankhead, M.},
  journal={Progress in Nuclear Energy},
  volume={87},
  pages={97--103},
  year={2016}
}
@TECHREPORT{reac_Ar18Reac-ppt,
  AUTHOR = {Arter, W.},
  TITLE = "{Software Engineering for Fusion Reactor Design}",
  NUMBER = "{Presentation at  Frontiers in Scientific Software - 2018 SEA conference}",
  INSTITUTION={CCFE},
  NOTE = {{http://dx.doi.org/10.13140/RG.2.2.18856.67843}},
  YEAR = 2018
}
@ARTICLE{reac_Wa95d,
  AUTHOR = {Eastwood, J.W. and Arter, W. and Brealey, N.J. and Hockney, R.W.},
  TITLE = "{Body-fitted electromagnetic PIC software for use on parallel computers}",
  JOURNAL="{Computer Physics Communications}",VOLUME={87},PAGES={155-178},
  YEAR =1995,
  NOTE ={{https://doi.org/10.1016/0010-4655(94)00165-X}}
}
