@book{gregory2,
  title={{Game engine architecture, 2nd Edition}},
  author={Gregory, J.},
  year={2014},
  publisher={CRC Press}
}
@misc{nektardevelopersguide,
  title={A Programmer's Guide to Nektar++},
  year={2020},
  note={Obtainable from the authors of Nektar++.}
}

@article{Bl02Patt,
author={Blilie, C.},
title={Patterns in Scientific Software: An Introduction},
URL={},
journal={Computing in Science \& Engineering},
volume={May / June 2002},
pages={48-53},
year={2002}
}

@article{Im15Desi,
author={Imbeaux, F. and Pinches, S.D. and Lister, J.B. and Buravand, Y. and Casper, T. and Duval, B. and Guillerminet, B. and Hosokawa, M. and Houlberg, W. and Huynh, P. and Kim, S.H. and Manduchi, G. and Owsiak, M. and Palak, B. and Plociennik, M. and Rouault, G. and Sauter, O. and Strand, P.},
title={{Design and first applications of the ITER integrated modelling and analysis suite}},
journal={Nuclear Fusion},
volume={55},
number={12},
pages={123006},
year={2015}
}


@misc{keplerwebsite,
  title={{Kepler website}},
  howpublished={\url{https://kepler-project.org/}},
  year={2020},
  note={Accessed: November 2020}
}

@misc{omaswebsite,
  title={{OMAS website}},
  howpublished={\url{https://github.com/gafusion/omas}},
  year={2020},
  note={Accessed: December 2020}
}

@misc{syclwebsite,
  title={{Khronos Group SYCL website}},
  howpublished={\url{https://www.khronos.org/sycl/}},
  year={2020},
  note={Accessed: November 2020}
}

@misc{kokkoswebsite,
  title={{Kokkos website}},
  howpublished={\url{https://github.com/kokkos}},
  year={2020},
  note={Accessed: November 2020}
}

@misc{rajawebsite,
  title={{RAJA website}},
  howpublished={\url{https://github.com/LLNL/RAJA}},
  year={2020},
  note={Accessed: November 2020}
}

@misc{scotchwebsite,
  title={{Scotch website}},
  howpublished={\url{https://gitlab.inria.fr/scotch/scotch}},
  year={2020},
  note={Accessed: November 2020}
}

@book{garlanshaw,
  title={{Software Architecture: Perspectives on an Emerging Discipline}},
  author={Garlan, D. and Shaw, M.},
  publisher={Englewood Cliffs, NJ: Prentice-Hall},
  year={1996}
}

@misc{ECP_website,
  title = {{Exascale Computing Project website}},
  howpublished = {\url{https://www.exascaleproject.org/}},
  note = {Accessed: 20th November 2020}
}

@misc{ECP_proxyapp_website,
  title = {{Exascale Computing Project proxyapp website}},
  howpublished = {\url{https://proxyapps.exascaleproject.org/}},
  note = {Accessed: 20th November 2020}
}

@misc{ECP_proxyapp_standards_website,
  title = {{Exascale Computing Project proxyapp website}},
  howpublished = {\url{https://proxyapps.exascaleproject.org/standards}},
  note = {Accessed: 20th November 2020}
}

@misc{GS2,
  author       = {Barnes, M. and
                  Dickinson, D. and
                  Dorland, W. and
                  Hill, P. A. and
                  Parker, J. T. and
                  Roach, C. M. and
                  Biggs-Fox, S. and
                  Christen, N. and
                  Numata, R. and
                  Wilkie, G. and
                  Anton, L. and
                  Ball, J. and
                  Baumgaertel, J. and
                  Colyer, G. and
                  Hardman, M. and
                  Hein, J. and
                  Highcock, E. and
                  Howes, G. G. and
                  Jackson, A. and
                  Kotschenreuther, M. T. and
                  Lee, J. and
                  Leggate, H. and
                  Mandell, N. and
                  Mauriya, A. and
                  Tatsuno, T. and
                  Van Wyk, F.},
  title        = {{GS2} v8.0.5},
  month        = sep,
  year         = 2020,
  publisher    = {Zenodo},
  version      = {8.0.5},
  doi          = {10.5281/zenodo.4012004},
  url          = {https://doi.org/10.5281/zenodo.4012004}
}

@misc{BOUT++,
  author       = {Dudson, B. and
                  Hill, P. and
                  Dickinson, D. and
                  Parker, J. and
                  Allen, A. and
                  Breyiannia, G. and
                  Brown, J. and
                  Easy, L. and
                  Farley, S. and
                  Friedman, B. and
                  Grinaker, E. and
                  Izacard, O. and
                  Joseph, I. and
                  Kim, M. and
                  Leconte, M. and
                  Leddy, J. and
                  Loiten, M. and
                  Ma, C. and
                  Madsen, J. and
                  Meyerson, D. and
                  Naylor, P. and
                  Myers, S. and
                  Omotani, J. and
                  Rhee, T. and
                  Sauppe, J. and
                  Savage, K. and
                  Seto, H. and
                  Schw\"{o}rer, D. and
                  Shanahan, B. and
                  Thomas, M. and
                  Tiwari, S. and
                  Umansky, M. and
                  Walkden, N. and
                  Wang, L. and
                  Wang, Z. and
                  Xi, P. and
                  Xia, T. and
                  Xu, X. and
                  Zhang, H. and
                  Bokshi, A. and
                  Muhammed, H. and
                  Estarellas, M. and
                  Riva, F.},
  title        = {{BOUT++} v4.3.2},
  month        = mar,
  year         = 2020,
  publisher    = {Zenodo},
  version      = {4.3.2},
  doi          = {10.5281/zenodo.4046792},
  url          = {https://doi.org/10.5281/zenodo.4046792}
}
