@ARTICLE{Li92Low-warv,
TITLE="{Low-pressure gas discharge modelling}",
AUTHOR={Lister, G.G.},
JOURNAL = "{Journal of Physics D: Applied Physics}",VOLUME = {25},NUMBER = {12},
YEAR = 1992,PAGES = {1649-1680} }

@BOOK{We87Tokawarv,
TITLE="{Tokamaks}",
AUTHOR={Wesson, J.A.},
PUBLISHER ={Clarendon Press},ADDRESS = {Oxford},
YEAR = 1987,
NOTE = {Book shelved at F WES} }

@BOOK{wesson,
TITLE="{Tokamaks, 3rd Edition}",
AUTHOR={Wesson, J.A.},
PUBLISHER ={Clarendon Press},ADDRESS = {Oxford},
YEAR = 2003
}

@BOOK{Ka92Tokawarv,
TITLE="{Tokamak plasma: a complex physical system}",
AUTHOR={Kadomtsev, B.B.},
PUBLISHER ={IOP Publishing},ADDRESS = {Bristol},
YEAR = 1992,
NOTE = {Book shelved at  F KAD 1992} }

@ARTICLE{Ep86Plaswarv,
TITLE="{Plasma transport coefficients in a magnetic field by direct numerical solution of the Fokker-Planck equation}",
AUTHOR={Epperlein, E.M. and Haines, M.G.},
JOURNAL = "{Physics of Fluids}",VOLUME = {29},NUMBER = {4},
YEAR = 1986,PAGES = {1029-1041} }

@ARTICLE{St76Nonlwarv,
TITLE="{Nonlinear, three-dimensional magnetohydrodynamics of noncircular tokamaks}",
AUTHOR={Strauss, H.R.},
JOURNAL = "{Physics of Fluids}",VOLUME = {19},NUMBER = {1},
YEAR = 1976,PAGES = {134-140} }

@ARTICLE{Hi76Theowarv,
TITLE="{Theory of plasma transport in toroidal confinement systems}",
AUTHOR={Hinton, F.L. and Hazeltine, R.D.},
JOURNAL = "{Reviews of Modern Physics}",VOLUME = {48},NUMBER = {2 Pt. 1},
YEAR = 1976,PAGES = {239-308} }

@ARTICLE{Co73Thenwarv,
TITLE="{The neoclassical transport theory of a plasma with multiple ion species}",
AUTHOR={Connor, J.W.},
JOURNAL = "{Plasma Physics}",VOLUME = {15},NUMBER = {8},
YEAR = 1973,PAGES = {765-782} }

@BOOK{Ho81Compwarv,
TITLE="{Computer simulation using particles}",
AUTHOR={Hockney, R.W. and Eastwood, J.W.},
PUBLISHER ={McGraw-Hill},ADDRESS = {New York},
YEAR = 1981,
NOTE = {Book shelved at 681.3:53 H1} }

@INPROCEEDINGS{Bo76Soluwarv,
TITLE="{Solution of continuity equations by the method of flux-corrected transport}",
AUTHOR={Boris, J.P. and Book, D.L.},
BOOKTITLE = "{Methods in Computational Physics. Vol.16.  Controlled fusion}",
PUBLISHER = {Academic Press},ADDRESS = {London},
YEAR = 1976,
PAGES = {85-129},
NOTE = {Book shelved at  681.3:53 M16} }
 
@BOOK{Ta89Compwarv,
TITLE="{Computational plasma physics: with applications to fusion and astrophysics}",
AUTHOR={Tajima, T.},
PUBLISHER ={Addison-Wesley},ADDRESS = {Redwood City},
YEAR = 1989,
NOTE = {Book shelved at  F TAJ 1989} }

@ARTICLE{Ta91Compwarv,
TITLE="{Computation of MHD equilibrium of tokamak plasma}",
AUTHOR={Takeda, T. and Tokuda, S.},
JOURNAL = "{Journal of Computational Physics}",VOLUME = {93},NUMBER = {1},
YEAR = 1991,PAGES = {1-107} }

@ARTICLE{Le78Asimwarv,
TITLE="{A simulation model for studying low-frequency microinstabilities}",
AUTHOR={Lee, W.W. and Okuda, H.},
JOURNAL = "{Journal of Computational Physics}",VOLUME = {26},NUMBER = {2},
YEAR = 1978,PAGES = {139-152} }

@ARTICLE{Ch77Newtwarv,
TITLE="{New three-dimensional simulation models for cylindrical and toroidal plasmas}",
AUTHOR={Cheng, C.Z. and Okuda, H.},
JOURNAL = "{Journal of Computational Physics}",VOLUME = {25},NUMBER = {2},
YEAR = 1977,PAGES = {133-150} }

@ARTICLE{Ok79Elecwarv,
TITLE="{Electrostatic and magnetostatic particle simulation models in three dimensions}",
AUTHOR={Okuda, H. and Lee, W.W. and Cheng, C.Z.},
JOURNAL = "{Computer Physics Communications}",VOLUME = {17},NUMBER = {3},
YEAR = 1979,PAGES = {233-238} }

@ARTICLE{La79Kinewarv,
TITLE="{Kinetic theory for fluctuations and noise in computer simulation of plasma}",
AUTHOR={Langdon, A.B.},
JOURNAL = "{Physics of Fluids}",VOLUME = {22},NUMBER = {1},
YEAR = 1979,PAGES = {163-171} }

@ARTICLE{La79Analwarv,
TITLE="{Analysis of the time integration in plasma simulation}",
AUTHOR={Langdon, A.B.},
JOURNAL = "{Journal of Computational Physics}",VOLUME = {30},NUMBER = {2},
YEAR = 1979,PAGES = {202-221} }

@ARTICLE{Kr86Equiwarv,
TITLE="{Equilibrium fluctuation energy of gyrokinetic plasma}",
AUTHOR={Krommes, J.A. and Lee, W.W. and Oberman, C.},
JOURNAL = "{Physics of Fluids}",VOLUME = {29},NUMBER = {8},
YEAR = 1986,PAGES = {2421-2425} }

@ARTICLE{Le87Gyrowarv,
TITLE="{Gyrokinetic particle simulation model}",
AUTHOR={Lee, W.W.},
JOURNAL = "{Journal of Computational Physics}",VOLUME = {72},NUMBER = {1},
YEAR = 1987,PAGES = {243-269} }

@ARTICLE{Ad82Elecwarv,
TITLE="{Electron sub-cycling in particle simulation of plasma}",
AUTHOR={Adam, J.C. and Gourdin Serveniere, A. and Langdon, A.B.},
JOURNAL = "{Journal of Computational Physics}",VOLUME = {47},NUMBER = {2},
YEAR = 1982,PAGES = {229-244} }
           
@ARTICLE{Le83Gyrowarv,
TITLE="{Gyrokinetic approach in particle simulation}",
AUTHOR={Lee, W.W.},
JOURNAL = "{Physics of Fluids}",VOLUME = {26},NUMBER = {2},
YEAR = 1983,PAGES = {556-562} }
           
@ARTICLE{Le84Nonlwarv,
TITLE="{Nonlinear evolution of drift instabilities}",
AUTHOR={Lee, W.W. and Krommes, J.A. and Oberman, C.R. and Smith, R.A.},
JOURNAL = "{Physics of Fluids}",VOLUME = {27},NUMBER = {11},
YEAR = 1984,PAGES = {2652-2663} }

@ARTICLE{Fe87Nonlwarv,
TITLE="{Nonlinear evolution of drift instabilities in the presence of collisions}",
AUTHOR={Federici, J.F. and Lee, W.W. and Tang, W.M.},
JOURNAL = "{Physics of Fluids}",VOLUME = {30},NUMBER = {2},
YEAR = 1987,PAGES = {425-437} }

@ARTICLE{Le88Gyrowarv,
TITLE="{Gyrokinetic particle simulation of ion temperature gradient drift instabilities}",
AUTHOR={Lee, W.W. and Tang, W.M.},
JOURNAL = "{Physics of Fluids}",VOLUME = {31},NUMBER = {3},
YEAR = 1988,PAGES = {612-624} }

@ARTICLE{Di91Nonlwarv,
TITLE="{Nonlinear mechanisms for drift wave saturation and induced particle transport}",
AUTHOR={Dimits, A.M. and Lee, W.W.},
JOURNAL = "{Physics of Fluids B:   Plasma Physics}",VOLUME = {3},NUMBER = {7},
YEAR = 1991,PAGES = {1557-1569} }

@ARTICLE{Sy90Flucwarv,
TITLE="{Fluctuations and transport due to ion- temperature-gradient-driven instabilities}",
AUTHOR={Sydora, R.D. and Hahm, T.S. and Lee, W.W. and Dawson, J.M.},
JOURNAL = "{Physical Review Letters}",VOLUME = {64},NUMBER = {17},
YEAR = 1990,PAGES = {2015-2018} }

@ARTICLE{Sy90Threwarv,
TITLE="{Three-dimensional gyrokinetic particle simulation of low-frequency drift instabilities}",
AUTHOR={Sydora, R.D.},
JOURNAL = "{Physics of Fluids B: Plasma Physics}",VOLUME = {2},NUMBER = {6  pt.2},
YEAR = 1990,PAGES = {1455-1460} }
 
@TECHREPORT{Di90Partwarv,
TITLE="{Partially linearized algorithms in gyrokinetic particle simulation}",
AUTHOR={Dimits, A.M. and Lee, W.W.},
INSTITUTION = {Princeton University, Plasma Physics Laboratory},
YEAR = 1990,
NUMBER = "{PPPL-2718}"}

@ARTICLE{Ha88Nonlwarv,
TITLE="{Nonlinear gyrokinetic theory for finite-beta plasmas}",
AUTHOR={Hahm, T.S. and Lee, W.W. and Brizard, A.},
JOURNAL = "{Physics of Fluids}",VOLUME = {31},NUMBER = {7},
YEAR = 1988,PAGES = {1940-1948} }

@ARTICLE{Br89Gyrowarv,
TITLE="{Gyrokinetic energy conservation and Poisson- bracket formulation}",
AUTHOR={Brizard, A.},
JOURNAL = "{Physics of Fluids B: Plasma Physics}",VOLUME = {1},NUMBER = {7},
YEAR = 1989,PAGES = {1381-1384} }

@ARTICLE{Br89Nonlwarv,
TITLE="{Nonlinear gyrokinetic Maxwell-Vlasov equations using magnetic coordinates}",
AUTHOR={Brizard, A.},
JOURNAL = "{Journal of Plasma Physics}",VOLUME = {41}, NUMBER = {3},
YEAR = 1989,PAGES = {541-559} }

@TECHREPORT{Le89Partwarv,
TITLE="{Particle simulation in curvilinear coordinate systems}",
AUTHOR={LeBrun, M.J. and Tajima, T.},
INSTITUTION = {Texas University. Institute for Fusion Studies},
YEAR = 1989,
NUMBER = "{IFSR 374}"}

@ARTICLE{Le93Torowarv,
TITLE="{Toroidal effects on drift wave turbulence}",
AUTHOR={LeBrun, M.J. and Tajima, T. and Gray, M.G. and Furnish, G. and Horton, W.},
JOURNAL = "{Physics of Fluids B}",VOLUME = {5},NUMBER = {3},
YEAR = 1993,PAGES = {752-773} }

@ARTICLE{Ko88Partwarv,
TITLE="{Particle simulation algorithm with reduced noise}",
AUTHOR={Kotschenreuther, M.},
JOURNAL = "{Texas University.  Institute for Fusion Studies Newsletter}",VOLUME = {7},NUMBER = {2},
YEAR = 1988,PAGES = {9-10} }

@ARTICLE{Di91Deltwarv,
TITLE="{$\delta f$ and particle simulations of parametric instabilities}",
AUTHOR={DiPeso, G. and Morse, E.C. and Ziolkowski, R.W.},
JOURNAL = "{Journal of Computational Physics}",VOLUME = {96},NUMBER = {2},
YEAR = 1991,PAGES = {325-338} }

@ARTICLE{Pa93Afulwarv,
TITLE="{A fully nonlinear characteristic method for gyrokinetic simulation}",
AUTHOR={Parker, S.E. and Lee, W.W.},
JOURNAL = "{Physics of Fluids B}",VOLUME = {5},NUMBER = {1},
YEAR = 1993,PAGES = {77-86} }

@ARTICLE{De81Nonrwarv,
TITLE="{Nonrandom initializations of particle codes}",
AUTHOR={Denavit, J. and Walsh, J.M.},
JOURNAL = "{Comments on Plasma Physics and Controlled Fusion}",VOLUME = {6},NUMBER = {6},
YEAR = 1981,PAGES = {209-223} }

@ARTICLE{La83Direwarv,
TITLE="{Direct implicit large time-step particle simulation of plasmas}",
AUTHOR={Langdon, A.B. and Cohen, B.I. and Friedman, A.},
JOURNAL = "{Journal of Computational Physics}",VOLUME = {51},NUMBER = {1},
YEAR = 1983,PAGES = {107-138} }

@ARTICLE{Ta84Partwarv,
TITLE="{Particle simulation of divertor plasma}",
AUTHOR={Takizuka, T. and Tani, K. and Azumi, M. and Shimizu, K.},
JOURNAL = "{Journal of Nuclear Materials}",VOLUME = {128 \& 129},
YEAR = 1984,PAGES = {104-110} }

@ARTICLE{Pr91Partwarv,
TITLE="{Particle simulation model of transport in a bounded, Coulomb collisional plasma}",
AUTHOR={Procassini, R.J. and Birdsall, C.K.},
JOURNAL = "{Physics of Fluids B: Plasma Physics}",VOLUME = {3},NUMBER = {8  pt.1},
YEAR = 1991,PAGES = {1876-1891} }

@ARTICLE{Pr90Partwarv,
TITLE="{Particle simulations of collisional transport in a high recycling diverted tokamak scrape- off layer}",
AUTHOR={Procassini, R.J. and Birdsall, C.K. and Cohen, B.I.},
JOURNAL = "{Nuclear Fusion}",VOLUME = {30},NUMBER = {11},
YEAR = 1990,PAGES = {2329-2348} }

@INPROCEEDINGS{Ki76Theswarv,
TITLE="{The solution of the kinetic equations for a multispecies plasma}",
AUTHOR={Killeen, J. and Mirin, A.A. and Rensink, M.E.},
BOOKTITLE = "{Methods in Computational Physics. Vol.16.  Controlled fusion}",
PUBLISHER = {Academic Press},ADDRESS = {London},
YEAR = 1976,
PAGES = {389-431},
NOTE = {Book shelved at  681.3:53 M16} }

@ARTICLE{Mc81FPPAwarv,
TITLE="{FPPAC: a two-dimensional multispecies nonlinear Fokker-Planck package}",
AUTHOR={McCoy, M.G. and Mirin, A.A. and Killeen, J.},
JOURNAL = "{Computer Physics Communications}",VOLUME = {24},NUMBER = {1},
YEAR = 1981,PAGES = {37-61} }

@ARTICLE{Mi88FPPAwarv,
TITLE="{FPPAC88: a two-dimensional multispecies nonlinear Fokker-Planck package}",
AUTHOR={Mirin, A.A. and McCoy, M.G. and Tomaschke, G.P. and Killeen, J.},
JOURNAL = "{Computer Physics Communications}",VOLUME = {51},NUMBER = {3},
YEAR = 1988,PAGES = {373-380} }

@ARTICLE{Ke85Kinewarv,
TITLE="{Kinetic theory and simulation of multispecies plasmas in tokamaks excited with electromagnetic waves in the ion-cyclotron range of frequencies}",
AUTHOR={Kerbel, G.D. and McCoy, M.G.},
JOURNAL = "{Physics of Fluids}",VOLUME = {28},NUMBER = {12},
YEAR = 1985,PAGES = {3629-3653} }

@BOOK{Ki86Compwarv,
TITLE="{Computational methods for kinetic models of magnetically confined plasmas}",
AUTHOR={Killeen, J. and Kerbel, G.D. and McCoy, M.G. and Mirin, A.A.},
PUBLISHER ={Springer-Verlag},ADDRESS = {New York},
YEAR = 1986,
NOTE = {Book shelved at  F KILL} }

@ARTICLE{Mc91Soluwarv,
TITLE="{Solution of three-dimensional Fokker-Planck equations for tokamak plasmas using an operator splitting technique}",
AUTHOR={McKenzie, J.S. and O'Brien, M.R. and Cox, M.},
JOURNAL = "{Computer Physics Communications}",VOLUME = {66},NUMBER = {2\&3},
YEAR = 1991,PAGES = {194-206} }
 
@ARTICLE{Ka86Fokkwarv,
TITLE="{Fokker-Planck and quasilinear codes}",
AUTHOR={Karney, C.F.F.},
JOURNAL = "{Computer Physics Reports}",VOLUME = {4},NUMBER = {3+4},
YEAR = 1986,PAGES = {183-244} }

@ARTICLE{Do79Dynawarv,
TITLE="{Dynamic ADI methods for elliptic equations}",
AUTHOR={Doss, S. and Miller, K.},
JOURNAL = "{SIAM Journal on Numerical Analysis}",VOLUME = {16},NUMBER = {5},
YEAR = 1979,PAGES = {837-856} }

@ARTICLE{Ca89Non-warv,
TITLE="{Non-linear core plasma response to ICRF heating with transport}",
AUTHOR={Carter, M.D. and Jaeger, E.F. and Batchelor, D.B.},
JOURNAL = "{Nuclear Fusion}",VOLUME = {29},NUMBER = {12},
YEAR = 1989,PAGES = {2141-2154} }

@INPROCEEDINGS{Fu90Threwarv,
TITLE="{Three-dimensional Fokker-Planck analysis on RF current drive in tokamaks}",
AUTHOR={Fukuyama, A.  and Ueeda, T.},
BOOKTITLE = "{Controlled Fusion and Plasma Heating. 17th EPS Conf., Amsterdam, 25-29 June 1990. Contributed papers}",
PUBLISHER = {European Physical Society},ADDRESS = {Geneva},
YEAR = 1990,
PAGES = {III-1251 to III-1254},
NOTE = {Book shelved at  FC EUR 1990 Vol.III} }

@INPROCEEDINGS{Gi92Fullwarv,
TITLE="{Full-wave/Fokker-Planck analysis of fast wave current drive}",
AUTHOR={Giruzzi, G. and Becoulet, A. and Moreau, D. and Saoutic, B.},
BOOKTITLE = "{Fast Wave Current Drive in Reactor Scale Tokamaks (Synergy and Complementarity with LHCD and ECRH). IAEA Technical Committee Meeting, Arles, 23-25 September 1991}",
PUBLISHER = {Association EURATOM-CEA sur la Fusion, Centre  d'Etudes de Cadarache},
YEAR = 1992,
PAGES = {76-85},
NOTE = {Book shelved at  F FAS 1991} }

@ARTICLE{Su86Compwarv,
TITLE="{Computational models for wave-particle interactions}",
AUTHOR={Succi, S. and Appert, K. and Core, W. and Hamnen, H. and Hellsten, T. and Vaclavik, J.},
JOURNAL = "{Computer Physics Communications}",VOLUME = {40},NUMBER = {1},
YEAR = 1986,PAGES = {137-151} }

@ARTICLE{Sh87Theawarv,
TITLE="{The application of shape preserving splines for the modified Korteweg-de Vries equation}",
AUTHOR={Shoucri, M. and Bertrand, P. and Feix, M.R. and Izrar, B.},
JOURNAL = "{Computer Physics Communications}",VOLUME = {46},NUMBER = {1},
YEAR = 1987,PAGES = {1-5} }

@ARTICLE{Sh89Aquawarv,
TITLE="{A quasilinear Fokker-Planck code for the numerical solution of the lower-hybrid current-drive problem in the presence of electron cyclotron heating}",
AUTHOR={Shoucri, M. and Shkarofsky, I. and Fuchs, V. and Kupfer, K. and Bers, A. and Luckhardt, S.},
JOURNAL = "{Computer Physics Communications}",VOLUME = {55},NUMBER = {3},
YEAR = 1989,PAGES = {253-268} }

@ARTICLE{Ma86Arelwarv,
TITLE="{A relativistic multiregion bounce-averaged Fokker-Planck code for mirror plasmas}",
AUTHOR={Matsuda, Y. and Stewart, J.J.},
JOURNAL = "{Journal of Computational Physics}",VOLUME = {66},NUMBER = {1},
YEAR = 1986,PAGES = {197-217} }

@ARTICLE{Mi91Soluwarv,
TITLE="{Solution of the Fokker-Planck equation with mixing of angular harmonics by beam-beam charge exchange}",
AUTHOR={Mikkelsen, D.R.},
JOURNAL = "{Journal of Computational Physics}",VOLUME = {93},NUMBER = {2},
YEAR = 1991,PAGES = {336-342} }

@ARTICLE{No90Ametwarv,
TITLE="{A method of solving Fokker-Planck kinetic equations for a plasma}",
AUTHOR={Novikov, V.N.},
JOURNAL = "{USSR Computational Mathematics and Mathematical Physics}",VOLUME = {30},NUMBER = {3},
YEAR = 1990,PAGES = {198-206} }

@ARTICLE{He89Adetwarv,
TITLE="{A deterministic particle method for transport diffusion equations: Applications to the Fokker-Planck equation}",
AUTHOR={Hermeline, F.},
JOURNAL = "{Journal of Computational Physics}",VOLUME = {82},NUMBER = {1},
YEAR = 1989,PAGES = {122-146} }
           
@TECHREPORT{O923DFowarv,
TITLE="{3D Fokker-Planck calculations of electron and ion distributions in tokamak plasmas}",
AUTHOR={O'Brien, M.R. and Cox, M. and Warrick, C.D. and Zaitsev, F.S.},
INSTITUTION = {AEA Fusion, Culham Laboratory, Abingdon},
YEAR = 1992,
NUMBER = "{AEA FUS 183}"}

@ARTICLE{An81Soluwarv,
TITLE="{Solution of the Fokker-Planck transport equation by matrix factorization}",
AUTHOR={Andrade, A. and Oliphant, T.A. and Kammash, T.},
JOURNAL = "{Journal of Computational Physics}",VOLUME = {42},NUMBER = {2},
YEAR = 1981,PAGES = {367-381} }

@ARTICLE{Ab90Kinewarv,
TITLE="{Kinetic modelling of plasma near the neutralizer plate in a tokamak divertor}",
AUTHOR={Abou-Assaleh, Z. and Marchand, R.  and  Matte, J. and Johnston, T.W. and Parbhakar, K.J.},
JOURNAL = "{Contributions to Plasma Physics}",VOLUME = {30},NUMBER = {1},
YEAR = 1990,PAGES = {37-43} }

@ARTICLE{Te82Stocwarv,
TITLE="{Stochasticity and the random phase approximation for three electron drift waves}",
AUTHOR={Terry, P. and Horton, W.},
JOURNAL = "{Physics of Fluids}",VOLUME = {25},NUMBER = {3},
YEAR = 1982,PAGES = {491-501} }

@ARTICLE{Wa83Numewarv,
TITLE="{Numerical study of drift wave turbulence with simple models for wave-wave nonlinear coupling}",
AUTHOR={Waltz, R.E.},
JOURNAL = "{Physics of Fluids}",VOLUME = {26},NUMBER = {1},
YEAR = 1983,PAGES = {169-179} }

@ARTICLE{Ha78Pseuwarv,
TITLE="{Pseudo-three-dimensional turbulence in magnetized nonuniform plasma}",
AUTHOR={Hasegawa, A. and Mima, K.},
JOURNAL = "{Physics of Fluids}",VOLUME = {21},NUMBER = {1},
YEAR = 1978,PAGES = {87-92} }
           
@ARTICLE{Bi85Suppwarv,
TITLE="{Suppression of shear damping in drift wave turbulence}",
AUTHOR={Biskamp, D. and Walter, M.},
JOURNAL = "{Physics Letters. Series A}",VOLUME = {109},NUMBER = {1,2},
YEAR = 1985,PAGES = {34-38} }

@ARTICLE{Ho80Fluiwarv,
TITLE="{Fluid simulation of ion pressure gradient driven drift modes}",
AUTHOR={Horton, W. and Estes, R.D. and Biskamp, D.},
JOURNAL = "{Plasma Physics}",VOLUME = {22},NUMBER = {7},
YEAR = 1980,PAGES = {663-678} }

@ARTICLE{Wa88Threwarv,
TITLE="{Three-dimensional global numerical simulation of ion temperature gradient mode turbulence}",
AUTHOR={Waltz, R.E.},
JOURNAL = "{Physics of Fluids}",VOLUME = {31},NUMBER = {7},
YEAR = 1988,PAGES = {1962-1967} }

@ARTICLE{Pr86Nonlwarv,
TITLE="{Nonlinear radial propagation of drift wave turbulence}",
AUTHOR={Prakash, M. and Chu, C.K. and Hasegawa, A.},
JOURNAL = "{Physics of Fluids}",VOLUME = {29},NUMBER = {8},
YEAR = 1986,PAGES = {2426-2432} }

@ARTICLE{Su88Studwarv,
TITLE="{Study of resistive drift and resistive interchange modes in a cylindrical plasma with magnetic shear}",
AUTHOR={Sugama, H. and Wakatani, M. and Hasegawa, A.},
JOURNAL = "{Physics of Fluids}",VOLUME = {31},NUMBER = {6},
YEAR = 1988,PAGES = {1601-1608} }

@ARTICLE{Sc88Animwarv,
TITLE="{An implicit simulation of drift-wave turbulence in a sheared magnetic field}",
AUTHOR={Scott, B.D.},
JOURNAL = "{Journal of Computational Physics}",VOLUME = {78},NUMBER = {1},
YEAR = 1988,PAGES = {114-137} }

@ARTICLE{Bi78Drifwarv,
TITLE="{Drift-tearing modes in a tokamak plasma}",
AUTHOR={Biskamp, D.},
JOURNAL = "{Nuclear Fusion}",VOLUME = {18},NUMBER = {8},
YEAR = 1978,PAGES = {1059-1068} }

@ARTICLE{Wa85Numewarv,
TITLE="{Numerical simulation of electromagnetic turbulence in tokamaks}",
AUTHOR={Waltz, R.E.},
JOURNAL = "{Physics of Fluids}",VOLUME = {28},NUMBER = {2},
YEAR = 1985,PAGES = {577-589} }

@ARTICLE{Wa86Numewarv,
TITLE="{Numerical simulation of turbulent heat flows}",
AUTHOR={Waltz, R.E.},
JOURNAL = "{Physics of Fluids}",VOLUME = {29},NUMBER = {11},
YEAR = 1986,PAGES = {3684-3694} }

@ARTICLE{Wa90Threwarv,
TITLE="{Three-dimensional numerical simulations of simple electron drift wave turbulence in a sheared and curved magnetic field}",
AUTHOR={Waltz, R.E.},
JOURNAL = "{Physics of Fluids B}",VOLUME = {2},NUMBER = {9},
YEAR = 1990,PAGES = {2118-2134} }

@ARTICLE{Ki91Two-warv,
TITLE="{Two-dimensional numerical simulation of trapped electron mode turbulent transport in a tokamak}",
AUTHOR={Kingsbury, O.T. and Waltz, R.E.},
JOURNAL = "{Physics of Fluids B: Plasma Physics}",VOLUME = {3},NUMBER = {12},
YEAR = 1991,PAGES = {3539-3541} }

@ARTICLE{Sa782-Dfwarv,
TITLE="{2-D fluid calculations of anomalous trapped ion transport in tokamaks}",
AUTHOR={Saison, R. and Wimmel, H.K. and Sardei, F.},
JOURNAL = "{Plasma Physics}",VOLUME = {20},NUMBER = {1},
YEAR = 1978,PAGES = {1-20} }

@ARTICLE{Dr88Strewarv,
TITLE="{Streamer formation in plasma with a temperature gradient}",
AUTHOR={Drake, J.F. and Guzdar, P.N. and Hassam, A.B.},
JOURNAL = "{Physical Review Letters}",VOLUME = {61},NUMBER = {19},
YEAR = 1988,PAGES = {2205-2208} }

@ARTICLE{Dr84Nonlwarv,
TITLE="{Nonlinear reduced fluid equations for toroidal plasmas}",
AUTHOR={Drake, J.F. and Antonsen, T.M.},
JOURNAL = "{Physics of Fluids}",VOLUME = {27},NUMBER = {4},
YEAR = 1984,PAGES = {898-908} }
           
@ARTICLE{Ca87Theowarv,
TITLE="{Theory of resistive pressure-gradient-driven turbulence}",
AUTHOR={Carreras, B.A. and Garcia, L. and Diamond, P.H.},
JOURNAL = "{Physics of Fluids}",VOLUME = {30},NUMBER = {5},
YEAR = 1987,PAGES = {1388-1400} }
           
@ARTICLE{Ca91Elecwarv,
TITLE="{Electron diamagnetic effects on the resistive pressure-gradient-driven turbulence and poloidal flow generation}",
AUTHOR={Carreras, B.A. and Lynch, V.E. and Garcia, L.},
JOURNAL = "{Physics of Fluids B: Plasma Physics}",VOLUME = {3},NUMBER = {6},
YEAR = 1991,PAGES = {1438-1444} }

@ARTICLE{Su91Nonlwarv,
TITLE="{Nonlinear behavior of multiple-helicity resistive interchange modes near marginally stable states}",
AUTHOR={Sugama, H. and Nakajima, N. and Wakatani, M.},
JOURNAL = "{Physics of Fluids B: Plasma Physics}",VOLUME = {3},NUMBER = {12},
YEAR = 1991,PAGES = {3290-3301} }

@ARTICLE{Ha79Nonlwarv,
TITLE="{Nonlinear behaviour and turbulence spectra of drift waves and Rossby waves}",
AUTHOR={Hasegawa, A. and Maclennan, C.G. and Kodama, Y.},
JOURNAL = "{Physics of Fluids}",VOLUME = {22},NUMBER = {11},
YEAR = 1979,PAGES = {2122-2129} }

@ARTICLE{Fy78Statwarv,
TITLE="{Statistical formulation of one-dimensional electron fluid turbulence}",
AUTHOR={Fyfe, D. and Montgomery, D.},
JOURNAL = "{Physics of Fluids}",VOLUME = {21},NUMBER = {3},
YEAR = 1978,PAGES = {316-326} }

@INPROCEEDINGS{Bi86Numewarv,
TITLE="{Numerical simulation of drift wave turbulence. Invited paper}",
AUTHOR={Biskamp, D.},
BOOKTITLE = "{Procs. Int. Workshop on Small Scale Turbulence and Anomalous Transport in Magnetized Plasmas, Cargese, 6-12 July 1986}",
PUBLISHER = {Editions de Physique},ADDRESS = {Palaiseau Cedex},
YEAR = 1986,
PAGES = {239-260},
NOTE = {Book shelved at  F TUR 1986} }

@ARTICLE{Cr92Trapwarv,
TITLE="{Trapped structures in drift wave turbulence}",
AUTHOR={Crotinger, J.A. and Dupree, T.H.},
JOURNAL = "{Physics of Fluids B - Plasma Physics}",VOLUME = {4},NUMBER = {9},
YEAR = 1992,PAGES = {2854-2870} }

@ARTICLE{Ho86Statwarv,
TITLE="{Statistical properties and correlation functions for drift waves}",
AUTHOR={Horton, W.},
JOURNAL = "{Physics of Fluids}",VOLUME = {29},NUMBER = {5},
YEAR = 1986,PAGES = {1491-1503} }

@ARTICLE{Ho89Drifwarv,
TITLE="{Drift wave vortices and anomalous transport}",
AUTHOR={Horton, W.},
JOURNAL = "{Physics of Fluids B: Plasma Physics}",VOLUME = {1},NUMBER = {3},
YEAR = 1989,PAGES = {524-537} }

@TECHREPORT{Ny89Exiswarv,
TITLE="{Existence criteria and velocity of stationary vortices in plasmas and in shallow water on a rotating planet}",
AUTHOR={Nycander, J.},
INSTITUTION = {Uppsala University. Department of Technology},
YEAR = 1989,
NUMBER = "{UPTEC 89 114R}"}

@ARTICLE{Ny90Motiwarv,
TITLE="{Motion of dipole vortices in a weakly inhomogeneous medium and related convective transport}",
AUTHOR={Nycander, J. and Isichenko, M.B.},
JOURNAL = "{Physics of Fluids B}",VOLUME = {2},NUMBER = {9},
YEAR = 1990,PAGES = {2042-2047} }

@ARTICLE{Sp90Dipowarv,
TITLE="{Dipole and monopole vortices in nonlinear drift waves}",
AUTHOR={Spatschek, K.H. and Laedke, E.W. and Marquardt, Chr. and Musher, S. and Wenk, H.},
JOURNAL = "{Physical Review Letters}",VOLUME = {64},NUMBER = {25},
YEAR = 1990,PAGES = {3027-3030} }

@ARTICLE{Su91Drifwarv,
TITLE="{Drift wave vortices in inhomogeneous plasmas}",
AUTHOR={Su, X.N. and Horton, W. and Morrison, P.J.},
JOURNAL = "{Physics of Fluids B}",VOLUME = {3},NUMBER = {4},
YEAR = 1991,PAGES = {921-930} }

@ARTICLE{Te83Drifwarv,
TITLE="{Drift wave turbulence in a low-order k space}",
AUTHOR={Terry, P.W. and Horton, W.},
JOURNAL = "{Physics of Fluids}",VOLUME = {26},NUMBER = {1},
YEAR = 1983,PAGES = {106-112} }

@ARTICLE{Ko88Modowarv,
TITLE="{Modon formation in the nonlinear development of the collisional drift wave instability}",
AUTHOR={Kono, M. and Miyashita, E.},
JOURNAL = "{Physics of Fluids}",VOLUME = {31},NUMBER = {2},
YEAR = 1988,PAGES = {326-331} }

@ARTICLE{Na92Selewarv,
TITLE="{Selective decay within a one-field model of dissipative drift-wave turbulence}",
AUTHOR={Naulin, V. and Spatschek, K.H. and Hasegawa, A.},
JOURNAL = "{Physics of Fluids B}",VOLUME = {4},NUMBER = {8},
YEAR = 1992,PAGES = {2672-2674} }

@ARTICLE{Mi89Numewarv,
TITLE="{Numerical simulation of Kolmogorov spectra of long-wavelength drift turbulence}",
AUTHOR={Mikhailovskii, A.B. and Pukhov, A.M. and Onishchenko, O.G.},
JOURNAL = "{Physics Letters  A}",VOLUME = {141},NUMBER = {3,4},
YEAR = 1989,PAGES = {154-156} }

@ARTICLE{Bi85Threwarv,
TITLE="{Three-drift-wave interaction at finite parallel wavelength: bifurcations and transition to turbulence}",
AUTHOR={Biskamp, D. and Kaifen, He.},
JOURNAL = "{Physics of Fluids}",VOLUME = {28},NUMBER = {7},
YEAR = 1985,PAGES = {2172-2180} }

@INPROCEEDINGS{Ta77Doeswarv,
TITLE="{Does magnetic shear stabilize drift waves}",
AUTHOR={Taylor, J.B.},
BOOKTITLE = "{Plasma Physics and Controlled Nuclear Fusion Research; Procs. 6th Int. Conf., Berchtesgaden, 6-13 October 1976}",
PUBLISHER = {IAEA},ADDRESS = {Vienna},
YEAR = 1977,
PAGES = {Vol.2,323-329},
NOTE = {Book shelved at  FC IAEA 1976} }

@TECHREPORT{Ar92Partwarv,
TITLE="{Particle-mesh modelling of drift-wave turbulence}",
AUTHOR={Arter, W.},
INSTITUTION = {AEA Fusion, Culham Laboratory},
YEAR = 1992,
NUMBER = "{AEA FUS 192}"}

@TECHREPORT{Ar92Threwarv,
TITLE="{Three-dimensional modelling of drift-wave turbulence}",
AUTHOR={Arter, W.},
INSTITUTION = {AEA Fusion, Culham Laboratory},
YEAR = 1992,
NUMBER = "{AEA FUS 191}"}

@ARTICLE{Su92Drifwarv,
TITLE="{Drift wave vortices in nonuniform plasmas with sheared magnetic fields}",
AUTHOR={Su, X.N. and Horton, W. and Morrison, P.J.},
JOURNAL = "{Physics of Fluids B}",VOLUME = {4},NUMBER = {5},
YEAR = 1992,PAGES = {1238-1246} }

@ARTICLE{Br82Torowarv,
TITLE="{Toroidal drift-wave fluctuations driven by ion pressure gradients}",
AUTHOR={Brock, D. and Horton, W.},
JOURNAL = "{Plasma Physics}",VOLUME = {24},NUMBER = {3},
YEAR = 1982,PAGES = {271-287} }

@ARTICLE{Ot90Numewarv,
TITLE="{Numerical simulations of ion temperature gradient-driven turbulence}",
AUTHOR={Ottaviani, M. and Romanelli, F. and Benzi, R. and Briscolini, M. and Santangelo, P. and Succi, S.},
JOURNAL = "{Physics of Fluids B: Plasma Physics}",VOLUME = {2},NUMBER = {1},
YEAR = 1990,PAGES = {67-74} }

@ARTICLE{Ho90Effewarv,
TITLE="{Effect of shear on toroidal ion temperature gradient mode turbulence}",
AUTHOR={Hong, B.-G. and Horton, W.},
JOURNAL = "{Physics of Fluids B: Plasma Physics}",VOLUME = {2},NUMBER = {5},
YEAR = 1990,PAGES = {978-984} }
           
@ARTICLE{Di91Ion-warv,
TITLE="{Ion-temperature-gradient-driven turbulence and transport in a sheared magnetic field}",
AUTHOR={Dimits, A.M. and Drake, J.F. and Guzdar, P.N. and Hassam, A.B.},
JOURNAL = "{Physics of Fluids B: Plasma Physics}",VOLUME = {3},NUMBER = {3},
YEAR = 1991,PAGES = {620-626} }

@ARTICLE{Gu91Tranwarv,
TITLE="{Transport barrier in ion temperature gradient driven turbulence}",
AUTHOR={Guzdar, P.N. and Drake, J.F. and Dimits, A.M. and Hassam, A.B.},
JOURNAL = "{Physics of Fluids B: Plasma Physics}",VOLUME = {3},NUMBER = {6},
YEAR = 1991,PAGES = {1381-1385} }

@ARTICLE{No89Tranwarv,
TITLE="{Transport due to toroidal $\eta_i$ mode turbulence in tokamaks}",
AUTHOR={Nordman, H. and Weiland, J.},
JOURNAL = "{Nuclear Fusion}",VOLUME = {29},NUMBER = {2},
YEAR = 1989,PAGES = {251-263} }
           
@ARTICLE{No90Simuwarv,
TITLE="{Simulation of toroidal drift mode turbulence driven by temperature gradients and electron trapping}",
AUTHOR={Nordman, H. and Weiland, J. and Jarmen, A.},
JOURNAL = "{Nuclear Fusion}",VOLUME = {30},NUMBER = {6},
YEAR = 1990,PAGES = {983-996} }

@ARTICLE{Dr91Threwarv,
TITLE="{Three-dimensional simulation of $\nabla T_i$- driven turbulence and transport}",
AUTHOR={Drake, J.F. and Guzdar, P.N. and Dimits, A.},
JOURNAL = "{Physics of Fluids B: Plasma Physics}",VOLUME = {3},NUMBER = {8  pt.1},
YEAR = 1991,PAGES = {1937-1944} }
 
@ARTICLE{Ha90Flucwarv,
TITLE="{Fluctuation spectrum and transport from ion temperature gradient driven modes in sheared magnetic fields}",
AUTHOR={Hamaguchi, S. and Horton, W.},
JOURNAL = "{Physics of Fluids B}",VOLUME = {2},NUMBER = {8},
YEAR = 1990,PAGES = {1833-1851} }

@ARTICLE{Ha90Iontwarv,
TITLE="{Ion temperature gradient driven turbulence in the weak density gradient limit}",
AUTHOR={Hamaguchi, S. and Horton, W.},
JOURNAL = "{Physics of Fluids B: Plasma Physics}",VOLUME = {2},NUMBER = {12},
YEAR = 1990,PAGES = {3040-3046} }

@ARTICLE{Ch93Newfwarv,
TITLE="{New fluid model for the turbulent transport due to the ion temperature gradient}",
AUTHOR={Kim, Chang-Bae and Horton, W. and Hamaguchi, S.},
JOURNAL = "{Physics of Fluids B}",VOLUME = {5},NUMBER = {5},
YEAR = 1993,PAGES = {1516-1522} }
           
@ARTICLE{Ha83Plaswarv,
TITLE="{Plasma edge turbulence}",
AUTHOR={Hasegawa, A. and Wakatani, M.},
JOURNAL = "{Physical Review Letters}",VOLUME = {50},NUMBER = {9},
YEAR = 1983,PAGES = {682-686} }

@ARTICLE{Wa84Acolwarv,
TITLE="{A collisional drift wave description of plasma edge turbulence}",
AUTHOR={Wakatani, M. and Hasegawa, A.},
JOURNAL = "{Physics of Fluids}",VOLUME = {27},NUMBER = {3},
YEAR = 1984,PAGES = {611-618} }

@ARTICLE{Wa92Theowarv,
TITLE="{Theory of drift-thermal instability-induced turbulence}",
AUTHOR={Ware, A.S. and Diamond, P.H. and Carreras, B.A and Leboeuf, J.-N. and Lee, D.K.},
JOURNAL = "{Physics of Fluids B: Plasma Physics}",VOLUME = {4},NUMBER = {1},
YEAR = 1992,PAGES = {102-116} }

@ARTICLE{Le91TEXTwarv,
TITLE="{TEXT tokamak edge turbulence modelling}",
AUTHOR={Leboeuf, J.-N. and Lee, D.K. and Carreras, B.A. and Dominguez, N. and Harris, J.H. and Hedrick, C.L. and Hidalgo, C. and Holmes, J.A. and Ruiter, J. and Diamond, P.H. and Ware, A.S. and Ritz, Ch.P. and Wootton, A.J. and Rowan, W.L. and Bravenec, R.V.},
JOURNAL = "{Physics of Fluids B}",VOLUME = {3},NUMBER = {8},
YEAR = 1991,PAGES = {2291-2299} }

@INPROCEEDINGS{Sc86Turbwarv,
TITLE="{Turbulent drift wave dynamics and coherent structure}",
AUTHOR={Scott, B.D. and Terry, P.W. and Diamond, P.H.},
BOOKTITLE = "{Procs. Int. Workshop on Small Scale Turbulence and Anomalous Transport in Magnetized Plasmas, Cargese, 6-12 July 1986}",
PUBLISHER = {Editions de Physique},ADDRESS = {Palaiseau Cedex},
YEAR = 1986,
PAGES = {271-274},
NOTE = {Book shelved at  F TUR 1986} }

@ARTICLE{Sc91Selfwarv,
TITLE="{Self-organization in sheared drift-wave turbulence}",
AUTHOR={Scott, B.D. and Biglari, H. and Terry, P.W. and Diamond, P.H.},
JOURNAL = "{Physics of Fluids B: Plasma Physics}",VOLUME = {3},NUMBER = {1},
YEAR = 1991,PAGES = {51-67} }

@ARTICLE{Sc90Selfwarv,
TITLE="{Self-sustained collisional drift-wave turbulence in a sheared magnetic field}",
AUTHOR={Scott, B.D.},
JOURNAL = "{Physical Review Letters}",VOLUME = {65},NUMBER = {26},
YEAR = 1990,PAGES = {3289-3292} }

@ARTICLE{Sc92Themwarv,
TITLE="{The mechanism of self-sustainment in collisional drift wave turbulence}",
AUTHOR={Scott, B.D.},
JOURNAL = "{Physics of Fluids B}",VOLUME = {4},NUMBER = {8},
YEAR = 1992,PAGES = {2468-2494} }

@ARTICLE{Sc92Resiwarv,
TITLE="{Resistivity gradient driven versus drift wave turbulence}",
AUTHOR={Scott, B.D.},
JOURNAL = "{Nuclear Fusion}",VOLUME = {32},NUMBER = {5},
YEAR = 1992,PAGES = {873-895} }

@ARTICLE{Ga85Theowarv,
TITLE="{Theory of resistivity-gradient-driven turbulence}",
AUTHOR={Garcia, L. and Diamond, P.H. and Carreras, B.A and Callen, J.D.},
JOURNAL = "{Physics of Fluids}",VOLUME = {28},NUMBER = {7},
YEAR = 1985,PAGES = {2147-2158} }
           
@ARTICLE{Sc85Nlevwarv,
TITLE="{Nonlinear stability of drift-tearing modes}",
AUTHOR={Scott, B.D. and Drake, J.F. and Hassam, A.B.},
JOURNAL = "{Physical Review Letters}",VOLUME = {54},NUMBER = {10},
YEAR = 1985,PAGES = {1027-1030} }

@ARTICLE{Sc85Nlstwarv,
TITLE="{Nonlinear evolution of drift-tearing modes}",
AUTHOR={Scott, B.D. and Hassam, A.B. and Drake, J.F.},
JOURNAL = "{Physics of Fluids}",VOLUME = {28},NUMBER = {1},
YEAR = 1985,PAGES = {275-277} }

@ARTICLE{Ki93Two-warv,
TITLE="{Two-dimensional numerical simulation of trapped ion mode turbulence in a tokamak}",
AUTHOR={Kingsbury, O.T. and Waltz, R.E.},
JOURNAL = "{Physics of Fluids B}",VOLUME = {5},NUMBER = {3},
YEAR = 1993,PAGES = {854-865} }
           
@ARTICLE{Ca92Theowarv,
TITLE="{Theory of shear flow effects on long- wavelength drift wave turbulence}",
AUTHOR={Carreras, B.A. and Sidikman, K. and Diamond, P.H. and Terry, P.W. and Garcia, L.},
JOURNAL = "{Physics of Fluids B}",VOLUME = {4},NUMBER = {10},
YEAR = 1992,PAGES = {3115-3131} }

@ARTICLE{Wa83Drifwarv,
TITLE="{Drift-wave turbulence with wave-wave and wave-particle nonlinear effects in a sheared slab}",
AUTHOR={Waltz, R.E. and Dominguez, R.R.},
JOURNAL = "{Physics of Fluids}",VOLUME = {26},NUMBER = {11},
YEAR = 1983,PAGES = {3338-3349} }

@ARTICLE{Al90Almowarv,
TITLE="{Almost two-dimensional treatment of drift wave turbulence}",
AUTHOR={Albert, J.M. and Similon, P.L. and Sudan, R.N.},
JOURNAL = "{Physics of Fluids B: Plasma Physics}",VOLUME = {2},NUMBER = {12},
YEAR = 1990,PAGES = {3032-3039} }

@ARTICLE{No93Subcwarv,
TITLE="{Subcritical reactive drift wave turbulence}",
AUTHOR={Nordman, H. and Pavlenko, V.P. and Weiland, J.},
JOURNAL = "{Physics of Fluids B}",VOLUME = {5},NUMBER = {2},
YEAR = 1993,PAGES = {402-408} }

@TECHREPORT{Ha82Modewarv,
TITLE="{Models and codes for the plasma edge region}",
AUTHOR={Harbour, P.J. and Morgan, J.G.},
INSTITUTION = {Culham Laboratory},
YEAR = 1982,
NUMBER = "{CLM R234}"}

@TECHREPORT{Br84Modewarv,
TITLE="{Modelling of a transport problem in plasma physics}",
AUTHOR={Braams, B.J.},
INSTITUTION = {Culham Laboratory},
YEAR = 1984,
NUMBER = "{CLM-P725}"}

@TECHREPORT{Br87Amulwarv,
TITLE="{A multi-fluid code for simulation of the edge plasma in tokamaks}",
AUTHOR={Braams, B.J.},
INSTITUTION = {Next European Torus},
YEAR = 1987,
NUMBER = "{NET 68}"}

@BOOK{Pa80Numewarv,
TITLE="{Numerical heat transfer and fluid flow}",
AUTHOR={Patankar, S.V.},
PUBLISHER ={Hemisphere Publishing},ADDRESS = {Washington},
YEAR = 1980,
NOTE = {Book shelved at 536.24 P1} }
           
@TECHREPORT{Ge87Calcwarv,
TITLE="{Calculation of poloidal rotation in the edge plasma of limiter tokamaks}",
AUTHOR={Gerhauser, H. and Claassen, H.A.},
INSTITUTION = {Kernforschungsanlage Julich. Institut fur Plasmaphysik},
YEAR = 1987,
NUMBER = "{JUL 2125}"}

@TECHREPORT{Re92TheEwarv,
TITLE="{The EIRENE Code, Version: Jan. 92 Users Manual}",
AUTHOR={Reiter, D.},
INSTITUTION = {Forschungszentrum Julich. Institut fur Plasmaphysik},
YEAR = 1992,
NUMBER = "{JUL 2599}"}

@ARTICLE{Sc92B2-Ewarv,
TITLE="{B2-EIRENE simulation of ASDEX and ASDEX-Upgrade scrape-off layer plasmas}",
AUTHOR={Schneider, R. and Reiter, D. and Zehrfeld, H.P. and Braams, B. and Baelmans, M. and Geiger, J. and Kastelwicz, H. and Neuhauser, J. and Wunderlich, R.},
JOURNAL = "{Journal of Nuclear Materials}",VOLUME = {196-198},
YEAR = 1992,PAGES = {810-815} }

@TECHREPORT{Ha91Modewarv,
TITLE="{Modelling of NET/ITER edge plasmas}",
AUTHOR={Harrison, M.F.A. and Hotston, E.S. and Maddison, G.P.},
INSTITUTION = {AEA Technology, AEA Fusion, Culham Laboratory, Abingdon},
YEAR = 1991,
NUMBER = "{NET Report No.100}"}
           
@ARTICLE{Vo92Compwarv,
TITLE="{Computational implementation of a coupled plasma-neutral fluid model}",
AUTHOR={Vold, E.L. and Najmabadi, F. and Conn, R.W.},
JOURNAL = "{Journal of Computational Physics}",VOLUME = {103},NUMBER = {2},
YEAR = 1992,PAGES = {300-319} }

@ARTICLE{Ue88Devewarv,
TITLE="{Development of a two-dimensional fluid code and its application to the Doublet III divertor experiment}",
AUTHOR={Ueda, N. and Kasai, M. and Tanaka, M. and Sugihara, M. and Sengoku, S.},
JOURNAL = "{Nuclear Fusion}",VOLUME = {28},NUMBER = {7},
YEAR = 1988,PAGES = {1183-1193} }

@ARTICLE{Kn90Selfwarv,
TITLE="{Self-consistent $\nabla P$ and ${\bf E} \wedge {\bf B}$ drifts in a two-dimensional one-fluid edge plasma model}",
AUTHOR={Knoll, D.A. and Prinja, A.K.},
JOURNAL = "{Journal of Nuclear Materials}",
VOLUME = {176-177},
YEAR = 1990,
PAGES = {562-569},
NOTE = {Book shelved at  FC SURF 1990} }

@ARTICLE{Ro92Afulwarv,
TITLE="{A fully implicit, time dependent 2-D fluid code for modeling tokamak edge plasmas}",
AUTHOR={Rognlien, T.D. and Milovich, J.L. and Rensink, M.E. and Porter,G.D.},
JOURNAL = "{Journal of Nuclear Materials}",VOLUME = {196-198},
YEAR = 1992,PAGES = {347-351} }

@ARTICLE{Ta92Themwarv,
TITLE="{The multi-fluid codes EDGE1D and EDGE2D: models and results}",
AUTHOR={Taroni, A. and Corrigan, G. and Radford, G. and Simonini, R. and Spence, J. and Weber, S.},
JOURNAL = "{Contributions to Plasma Physics}",VOLUME = {32},NUMBER = {3-4},
YEAR = 1992,PAGES = {438-443} }

@ARTICLE{Pe82Coolwarv,
TITLE="{Cool, high-density regime for poloidal divertors}",
AUTHOR={Petravic, M. and Post, D. and Heifetz, D. and Schmidt, J.},
JOURNAL = "{Physical Review Letters}",VOLUME = {48},NUMBER = {5},
YEAR = 1982,PAGES = {326-329} }

@ARTICLE{Pe82Acomwarv,
TITLE="{A computational study of operating regimes for poloidal divertors}",
AUTHOR={Petravic, M. and Heifetz, D. and Post, D.},
JOURNAL = "{Journal of Nuclear Materials}",
VOLUME = {111/112},NUMBER = {0},
YEAR = 1982,PAGES = {294-297} }

@ARTICLE{Pe84INTOwarv,
TITLE="{INTOR divertor in a realistic 2-D geometry}",
AUTHOR={Petravic, M. and Heifetz, D. and Kuo-Petravic, G. and Post, D.},
JOURNAL = "{Journal of Nuclear Materials}",VOLUME = {128 \& 129},
YEAR = 1984,PAGES = {111-113} }

@ARTICLE{Ig84Two-warv,
TITLE="{Two-dimensional model of the wall plasma in a tokamak with a poloidal divertor}",
AUTHOR={Igitkhanov, Yu.L. and Kukushkin, A.S. and Pigarov, A.Yu. and Pistunovich, V.I.},
JOURNAL = "{Soviet Physics - Doklady. English translation of Doklady Akademii Nauk SSSR}",VOLUME = {29},NUMBER = {9},
YEAR = 1984,PAGES = {743-745} }

@INPROCEEDINGS{Ig85Imprwarv,
TITLE="{Improved hydrodynamic simulation of a divertor plasma under weak collisions}",
AUTHOR={Igitkhanov, Yu.L. and Kukushkin, A.S. and Pistunovich, V.I. and Pozharov, V.A.},
BOOKTITLE = "{Controlled Fusion and Plasma Physics, 12th Euro. Conf., held in Budapest, 2-6 September 1985. Contributed papers. 3 volumes}",
PUBLISHER = {European Physical Society},
YEAR = 1985,
PAGES = {Vol.2,488-491},
NOTE = {Book shelved at  FC EUR 1985} }

@ARTICLE{Ge88Modewarv,
TITLE="{Modelling the tokamak edge plasma with a coupled 2-D fluid/Monte Carlo code}",
AUTHOR={Gerhauser, H. and Claassen, H.A. and Reiter, D.},
JOURNAL = "{Contributions to Plasma Physics}",VOLUME = {28},NUMBER = {4/5},
YEAR = 1988,PAGES = {359-364} }

@ARTICLE{Ge90Bconwarv,
TITLE="{Boundary layer calculations for tokamaks with toroidal limiter}",
AUTHOR={Gerhauser, H. and Claassen, H.A.},
JOURNAL = "{Contributions to Plasma Physics}",VOLUME = {30},NUMBER = {1},
YEAR = 1990,PAGES = {89-94} }

@ARTICLE{Ge90Bcnuwarv,
TITLE="{Boundary layer calculations for tokamaks with toroidal limiter}",
AUTHOR={Gerhauser, H. and Claassen, H.A.},
JOURNAL = "{Journal of Nuclear Materials}",
VOLUME = {176-177},
YEAR = 1990,
PAGES = {721-728},
NOTE = {Book shelved at  FC SURF 1990} }

@ARTICLE{Vo90Thenwarv,
TITLE="{The neutral diffusion approximation in a consistent tokamak edge plasma-neutral computation}",
AUTHOR={Vold, E.L. and Prinja, A.K. and Najmabadi, F. and Conn, R.W.},
JOURNAL = "{Journal of Nuclear Materials}",
VOLUME = {176-177},
YEAR = 1990,
PAGES = {570-577},
NOTE = {Book shelved at  FC SURF 1990} }

@ARTICLE{He82AMonwarv,
TITLE="{A Monte-Carlo model of neutral-particle transport in diverted plasmas}",
AUTHOR={Heifetz, D. and Post, D. and Petravic, M. and Weisheit, J. and Bateman, G.},
JOURNAL = "{Journal of Computational Physics}",VOLUME = {46},NUMBER = {2},
YEAR = 1982,PAGES = {309-327} }
           
@ARTICLE{It90Simuwarv,
TITLE="{Simulation study of scalings in scrape-off layer plasma by two-dimensional transport code}",
AUTHOR={Itoh, S.-I. and Ueda, N. and Itoh, K.},
JOURNAL = "{Plasma Physics and Controlled Fusion}",VOLUME = {32},NUMBER = {6},
YEAR = 1990,PAGES = {415-427} }

@ARTICLE{Pe90Effewarv,
TITLE="{Effect of ion drifts on the properties of the tokamak scrape-off plasma}",
AUTHOR={Petravic, M. and Kuo-Petravic, G.},
JOURNAL = "{Nuclear Fusion}",VOLUME = {30},NUMBER = {6},
YEAR = 1990,PAGES = {1148-1152} }

@TECHREPORT{Za912-flwarv,
TITLE="{2-fluid modeling of magnetized plasma transport in axisymmetric domains with Galerkin finite elements}",
AUTHOR={Zanino, R.},
INSTITUTION = {Max-Planck-Institut fur Plasmaphysik, Garching},
YEAR = 1991,
NUMBER = "{IPP 5/43}"}

@ARTICLE{Re92Progwarv,
TITLE="{Progress in two-dimensional plasma edge modelling}",
AUTHOR={Reiter, D.},
JOURNAL = "{Journal of Nuclear Materials}",VOLUME = {196-198},
YEAR = 1992,PAGES = {80-89} }

@ARTICLE{Ro92Onstwarv,
TITLE="{On standard forms for transport equations and quasilinear fluxes}",
AUTHOR={Ross, D.W.},
JOURNAL = "{Plasma Physics and Controlled Fusion}",VOLUME = {34},NUMBER = {2},
YEAR = 1992,PAGES = {137-146} }

@ARTICLE{La90Aphewarv,
TITLE="{A phenomenological model for cross-field plasma transport in non-ambipolar scrape-off layers}",
AUTHOR={LaBombard, B. and Grossman, A.A. and Conn, R.W.},
JOURNAL = "{Journal of Nuclear Materials}",
VOLUME = {176-177},
YEAR = 1990,
PAGES = {548-556},
NOTE = {Book shelved at  FC SURF 1990} }
           
@ARTICLE{Ra92Theawarv,
TITLE="{The application of moment equations to scrape off layer plasmas}",
AUTHOR={Radford, G.J.},
JOURNAL = "{Contributions to Plasma Physics}",VOLUME = {32},NUMBER = {3-4},
YEAR = 1992,PAGES = {297-302} }

@ARTICLE{Cl92Themwarv,
TITLE="{The moment approach to solve the drift-kinetic equation for impurity ions in the plasma edge region}",
AUTHOR={Claassen, H.A. and Gerhauser, H.},
JOURNAL = "{Contributions to Plasma Physics}",VOLUME = {32},NUMBER = {3-4},
YEAR = 1992,PAGES = {290-296} }

@ARTICLE{Cl92Longwarv,
TITLE="{Longitudinal ion transport coefficients in magnetized D-He and H-C plasmas}",
AUTHOR={Claassen, H.A. and Gerhauser, H. and Sayed, Y.A.},
JOURNAL = "{Contributions to Plasma Physics}",VOLUME = {32},NUMBER = {3-4},
YEAR = 1992,PAGES = {303-307} }

@ARTICLE{Hi813Dnowarv,
TITLE="{3D nonlinear calculations of resistive tearing modes}",
AUTHOR={Hicks, H.R. and Carreras, B.A. and Holmes, J.A. and Lee, D.K. and Waddell, B.V.},
JOURNAL = "{Journal of Computational Physics}",VOLUME = {44},NUMBER = {1},
YEAR = 1981,PAGES = {46-69} }

@ARTICLE{St80Stabwarv,
TITLE="{Stability of high-beta tokamaks to ballooning modes}",
AUTHOR={Strauss, H.R. and Park, W. and Monticello, D.A. and White, R.B. and Jardin, S.C. and Chance, M.S. and Todd, A.M.M. and Glasser, A.H.},
JOURNAL = "{Nuclear Fusion}",VOLUME = {20},NUMBER = {5},
YEAR = 1980,PAGES = {638-642} }

@ARTICLE{St80Stab-shortwarv,
TITLE="{Stability of high-beta tokamaks to ballooning modes}",
AUTHOR="{H.R. Strauss \emph{et al}}",
JOURNAL = "{Nuclear Fusion}",VOLUME = {20},NUMBER = {5},
YEAR = 1980,PAGES = {638-642} }

@ARTICLE{Ay89Torowarv,
TITLE="{Toroidal studies of sawtooth oscillations in tokamaks}",
AUTHOR={Aydemir, A.Y. and Wiley, J.C. and Ross, D.W.},
JOURNAL = "{Physics of Fluids B: Plasma Physics}",VOLUME = {1},NUMBER = {4},
YEAR = 1989,PAGES = {774-787} }

@ARTICLE{Ly81Resiwarv,
TITLE="{Resistive MHD studies of high beta tokamak plasmas}",
AUTHOR={Lynch, V.E. and Carreras, B. and Hicks, H.R. and Holmes, J.A. and Garcia, L.},
JOURNAL = "{Computer Physics Communications}",VOLUME = {24},NUMBER = {3\&4},
YEAR = 1981,PAGES = {465-476} }

@ARTICLE{Ea85Commwarv,
TITLE="{Comments on the stability of the RSF three- dimensional MHD plasma simulation algorithm (by Hicks H R and others)}",
AUTHOR={Eastwood, J.W. and Hopcraft, K.I.},
JOURNAL = "{Journal of Computational Physics}",VOLUME = {60},NUMBER = {3},
YEAR = 1985,PAGES = {549-557} }

@ARTICLE{Hi85Therwarv,
TITLE="{The reliability of calculations with the RSF algorithm: reply to comments by J W Eastwood and K I Hopcraft}",
AUTHOR={Hicks, H.R. and Carreras, B.A. and Holmes, J.A.},
JOURNAL = "{Journal of Computational Physics}",VOLUME = {60},NUMBER = {3},
YEAR = 1985,PAGES = {558-560} }

@ARTICLE{Wa79Nonlwarv,
TITLE="{Nonlinear interaction of tearing modes in highly resistive tokamaks}",
AUTHOR={Waddell, B.V. and Carreras, B. and Hicks, H.R. and Holmes, J.A.},
JOURNAL = "{Physics of Fluids}",VOLUME = {22},NUMBER = {5},
YEAR = 1979,PAGES = {896-910} }

@ARTICLE{Ea86Intewarv,
TITLE="{Interpretation of disruptions in tokamak simulations}",
AUTHOR={Eastwood, J.W. and Arter, W.},
JOURNAL = "{Physical Review Letters}",VOLUME = {57},NUMBER = {20},
YEAR = 1986,PAGES = {2528-2531} }

@ARTICLE{Ea87Spurwarv,
TITLE="{Spurious behaviour of numerically computed fluid flow}",
AUTHOR={Eastwood, J.W. and Arter, W.},
JOURNAL = "{IMA Journal of Numerical Analysis}",VOLUME = {7},NUMBER = {2},
YEAR = 1987,PAGES = {205-222} }

@ARTICLE{Ea87Reduwarv,
TITLE="{Reduced magnetohydrodynamic modeling of tearing mode interactions in tokamaks}",
AUTHOR={Eastwood, J.W. and Arter, W.},
JOURNAL = "{Physics of Fluids}",VOLUME = {30},NUMBER = {9},
YEAR = 1987,PAGES = {2774-2783} }

@TECHREPORT{Hi84Therwarv,
TITLE="{The reliability of initial-value MHD calculations of tokamak disruptions}",
AUTHOR={Hicks, H.R. and Carreras, B.A. and Garcia, L. and Holmes, J.A.},
INSTITUTION = {Oak Ridge National Laboratory},
YEAR = 1984,
NUMBER = "{ORNL/TM 9127}"}

@ARTICLE{Ar87Theewarv,
TITLE="{The effect of aliasing error upon numerical solutions of the hydrodynamic and magnetohydrodynamic equations}",
AUTHOR={Arter, W. and Eastwood, J.W.},
JOURNAL = "{Transport Theory and Statistical Physics}",VOLUME = {16},NUMBER = {2\&3},
YEAR = 1987,PAGES = {433-446} }

@ARTICLE{Sc87Semiwarv,
TITLE="{Semi-implicit magnetohydrodynamic calculations}",
AUTHOR={Schnack, D.D. and Barnes, D.C. and Mikic, Z. and Harned, D.S. and Caramana, E.J.},
JOURNAL = "{Journal of Computational Physics}",VOLUME = {70},NUMBER = {2},
YEAR = 1987,PAGES = {330-354} }

@ARTICLE{Le91Anewwarv,
TITLE="{A new semi-implicit method for MHD computations}",
AUTHOR={Lerbinger, K. and Luciani, J.F.},
JOURNAL = "{Journal of Computational Physics}",VOLUME = {97},NUMBER = {2},
YEAR = 1991,PAGES = {444-459} }

@ARTICLE{Bo86Simuwarv,
TITLE="{Simulations of tokamak disruptions including self-consistent temperature evolution}",
AUTHOR={Bondeson, A.},
JOURNAL = "{Nuclear Fusion}",VOLUME = {26},NUMBER = {7},
YEAR = 1986,PAGES = {929-940} }

@ARTICLE{Pa86Threwarv,
TITLE="{Three-dimensional stellarator equilibrium as an ohmic steady state}",
AUTHOR={Park, W. and Monticello, D.A. and Strauss, H. and Manickam, J.},
JOURNAL = "{Physics of Fluids}",VOLUME = {29},NUMBER = {4},
YEAR = 1986,PAGES = {1171-1175} }

@ARTICLE{Pa90Sawtwarv,
TITLE="{Sawtooth oscillations in tokamaks}",
AUTHOR={Park, W. and Monticello, D.A.},
JOURNAL = "{Nuclear Fusion}",VOLUME = {30},NUMBER = {11},
YEAR = 1990,PAGES = {2413-2418} }

@ARTICLE{Pa91Finiwarv,
TITLE="{Finite pressure effects on sawtooth oscillations}",
AUTHOR={Park, W. and Monticello, D.A. and Fredrickson, E. and McGuire, K.},
JOURNAL = "{Physics of Fluids B: Plasma Physics}",VOLUME = {3},NUMBER = {3},
YEAR = 1991,PAGES = {507-510} }

@ARTICLE{Ch86Numewarv,
TITLE="{Numerical calculations using the full MHD equations in toroidal geometry}",
AUTHOR={Charlton, L.A. and Holmes, J.A. and Hicks, H.R. and Lynch, V.E. and Carreras, B.A.},
JOURNAL = "{Journal of Computational Physics}",VOLUME = {63},NUMBER = {1},
YEAR = 1986,PAGES = {107-129} }
           
@ARTICLE{Ch90Compwarv,
TITLE="{Compressible linear and nonlinear resistive MHD calculations in toroidal geometry}",
AUTHOR={Charlton, L.A. and Holmes, J.A. and Lynch, V.E. and Carreras, B.A. and Hender, T.C.},
JOURNAL = "{Journal of Computational Physics}",VOLUME = {86},NUMBER = {2},
YEAR = 1990,PAGES = {270-293} }

@ARTICLE{Dr91Collwarv,
TITLE="{Collisionless reconnection and the sawtooth crash}",
AUTHOR={Drake, J.F. and Kleva, R.G.},
JOURNAL = "{Physical Review Letters}",VOLUME = {66},NUMBER = {11},
YEAR = 1991,PAGES = {1458-1461} }

@ARTICLE{Fi91Theiwarv,
TITLE="{The interaction of resonant magnetic perturbations with rotating plasmas}",
AUTHOR={Fitzpatrick, R. and Hender, T.C.},
JOURNAL = "{Physics of Fluids B: Plasma Physics}",VOLUME = {3},NUMBER = {3},
YEAR = 1991,PAGES = {644-673} }

@ARTICLE{Kl89Magnwarv,
TITLE="{Magnetohydrodynamic simulations of density- limit disruptions in tokamaks}",
AUTHOR={Kleva, R.G. and Drake, J.F. and Denton, R.E.},
JOURNAL = "{Comments on Plasma Physics and Controlled Fusion}",VOLUME = {13},NUMBER = {2},
YEAR = 1989,PAGES = {63-76} }
           
@ARTICLE{Kl91Denswarv,
TITLE="{Density limit disruptions in tokamaks}",
AUTHOR={Kleva, R.G. and Drake, J.F.},
JOURNAL = "{Physics of Fluids B: Plasma Physics}",VOLUME = {3},NUMBER = {2},
YEAR = 1991,PAGES = {372-383} }

@ARTICLE{Bo91MHDmwarv,
TITLE="{MHD modelling of density limit disruptions in tokamaks}",
AUTHOR={Bondeson, A. and Parker, R.D. and Hugon, M. and Smeulders, P. },
JOURNAL = "{Nuclear Fusion}",VOLUME = {31},NUMBER = {9},
YEAR = 1991,PAGES = {1695-1716} }
           
@ARTICLE{Da85Turbwarv,
TITLE="{Turbulent disruptions from the Strauss equations}",
AUTHOR={Dahlburg, J.P. and Montgomery, D. and Matthaeus, W.H.},
JOURNAL = "{Journal of Plasma Physics}",VOLUME = {34},NUMBER = {1},
YEAR = 1985,PAGES = {1-46} }
           
@ARTICLE{Le89Globwarv,
TITLE="{Global resistive MHD calculations for high beta divertor plasmas in the DIII-D tokamak}",
AUTHOR={Lee, J.K. and Strait, E.J. and Lao, L.L. and Taylor, T.S.},
JOURNAL = "{Nuclear Fusion}",VOLUME = {29},NUMBER = {7},
YEAR = 1989,PAGES = {1181-1187} }

@ARTICLE{Ka75Disrwarv,
TITLE="{Disruptive instability in tokamaks}",
AUTHOR={Kadomtsev, B.B.},
JOURNAL = "{Soviet Journal of Plasma Physics. English Translation of Fizika Plasmy}",VOLUME = {1},NUMBER = {5},
YEAR = 1975,PAGES = {389-391} }

@ARTICLE{De86Skinwarv,
TITLE="{Skin currents and compound sawteeth in tokamaks}",
AUTHOR={Denton, R.E. and Drake, J.F. and Kleva, R.G. and Boyd, D.A.},
JOURNAL = "{Physical Review Letters}",VOLUME = {56},NUMBER = {23},
YEAR = 1986,PAGES = {2477-2480} }

@ARTICLE{De87Themwarv,
TITLE="{The m = 1 convection cell and sawteeth in tokamaks}",
AUTHOR={Denton, R.E. and Drake, J.F. and Kleva, R.G.},
JOURNAL = "{Physics of Fluids}",VOLUME = {30},NUMBER = {5},
YEAR = 1987,PAGES = {1448-1451} }

@ARTICLE{Vl89Numewarv,
TITLE="{Numerical simulations of sawteeth in tokamaks}",
AUTHOR={Vlad, G. and Bondeson, A.},
JOURNAL = "{Nuclear Fusion}",VOLUME = {29},NUMBER = {7},
YEAR = 1989,PAGES = {1139-1152} }
           
@ARTICLE{Ed86Rapiwarv,
TITLE="{Rapid collapse of a plasma sawtooth oscillation in the JET tokamak}",
AUTHOR={Edwards, A.W. and Campbell, D.J. and Engelhardt, W.W. and Fahrbach, H.-U. and Gill, R.D. and Granetz, R.S. and Tsuji, S. and Tubbing, B.J.D. and Weller, A. and Wesson, J.A. and Zasche, D.},
JOURNAL = "{Physical Review Letters}",VOLUME = {57},NUMBER = {2},
YEAR = 1986,PAGES = {210-213} }

@ARTICLE{Ba91Tranwarv,
TITLE="{Transition from a resistive kink mode to Kadomtsev reconnection}",
AUTHOR={Baty, H. and Luciani, J.-F. and Bussac, M.-N.},
JOURNAL = "{Nuclear Fusion}",VOLUME = {31},NUMBER = {11},
YEAR = 1991,PAGES = {2055-2062} }

@INPROCEEDINGS{We91Sawtwarv,
TITLE="{Sawtooth reconnection}",
AUTHOR={Wesson, J.A.},
BOOKTITLE = "{Plasma Physics and Controlled Nuclear Fusion Research. 13th Int. Conf., Washington, DC, 1-6 October 1990}",
PUBLISHER = {IAEA},ADDRESS = {Vienna},
YEAR = 1991,
PAGES = {Vol.2.,79-85},
NOTE = {Book shelved at  FC IAEA 1990 Vol.2} }

@ARTICLE{Do93Gyrowarv,
TITLE="{Gyrofluid turbulence models with kinetic effects}",
AUTHOR={Dorland, W. and Hammett, G.W.},
JOURNAL = "{Physics of Fluids B}",VOLUME = {5},NUMBER = {3},
YEAR = 1993,PAGES = {812-835} }

@ARTICLE{Tr84MHD-warv,
TITLE="{MHD-limits to plasma confinement}",
AUTHOR={Troyon, F. and Gruber, R. and Saurenmann, H. and Semenzato, S. and Succi, S.},
JOURNAL = "{Plasma Physics and Controlled Fusion 11th European Conference 5-9 September 1983, Aachen. Invited papers}",VOLUME = {26},NUMBER = {1A},
YEAR = 1984,PAGES = {209-215} }

@ARTICLE{We85Tokawarv,
TITLE="{Tokamak beta limit}",
AUTHOR={Wesson, J.A. and Sykes, A.},
JOURNAL = "{Nuclear Fusion}",VOLUME = {25},NUMBER = {1},
YEAR = 1985,PAGES = {85-88} }
           
@TECHREPORT{Ha85Plaswarv,
TITLE="{Plasma edge physics for NET/INTOR}",
AUTHOR={Harrison, M.F.A. and Hotston, E.S. and De Matteis, A.},
INSTITUTION = {Next European Torus},
YEAR = 1985,
NUMBER = "{NET 50}"}
 
@ARTICLE{Pe84Recewarv,
TITLE="{Recent progress in the tokamak edge modeling}",
AUTHOR={Petravic, M. and Heifetz, D. and Heifetz, S. and Post, D.},
JOURNAL = "{Journal of Nuclear Materials}",VOLUME = {128 \& 129},
YEAR = 1984,PAGES = {91-99} }

@BOOK{Ho81Parawarv,
TITLE="{Parallel computers. Architecture, programming and algorithms}",
AUTHOR={Hockney, R.W. and Jesshope, C.R.},
PUBLISHER ={Adam Hilger},ADDRESS = {Bristol},
YEAR = 1981,
NOTE = {Book shelved at 681.3 H9} }
           
 
 
@BOOK{Ki76Methwarv,
    EDITOR = {John Killeen},
    TITLE = "{Methods in Computational Physics}",
    VOLUME = 16,
    PUBLISHER = {Academic Press},
    ADDRESS = {New York},
    YEAR = 1976}
 
 
@INCOLLECTION{Br65Tranwarv,
    AUTHOR = {Braginskii, S.I.},
    TITLE = "{Transport Processes in a Plasma}",
    BOOKTITLE = "{Reviews of Plasma Physics Vol.1}",
    EDITOR = {M.A.Leontovich},
    PAGES = {205-311},
    PUBLISHER = {Consultants Bureau},
    ADDRESS = {New York},
    YEAR = 1965}
 
 
@ARTICLE{Le92Gyrowarv,
    AUTHOR = {Lee, W.W. and Parker, S.E. and Reynders, J.V.W. and Santoro, R.A. and Rath, S. and Cummings, J.C.},
    TITLE = "{Gyrokinetic Particle Simulation of Microinstabilities in Tokamak Plasmas}",
    JOURNAL = {Bulletin of the American Physical Society},
    VOLUME = 37, NUMBER = 6,
    PAGES = {912},
    YEAR = 1992}
 
@ARTICLE{Di92Simuwarv,
    AUTHOR = {Dimits, A.M. and Byers, J.A. and Williams, T.J. and Holmes, V.},
    TITLE = "{Simulation of Plasma Turbulence using Quasiballooning Coordinates}",
    JOURNAL = {Bulletin of the American Physical Society},
    VOLUME = 37, NUMBER = 6,
    PAGES = {1555},
    YEAR = 1992}
 
 
@ARTICLE{Ro57Fokkwarv,
    AUTHOR = {Rosenbluth, M.N. and MacDonald, W.M. and Judd, D.L.},
    TITLE = "{Fokker-Planck Equation for an Inverse-Square Force}",
    JOURNAL = {The Physical Review},
    VOLUME = 107,
    NUMBER = 1,
    PAGES = {1-6},
    YEAR =1957}
 
 
@ARTICLE{Ch70Pracwarv,
    AUTHOR = {Chang, J.S. and Cooper, G.},
    TITLE = "{A Practical Difference Scheme for Fokker-Planck Equations}",
    JOURNAL = {Journal of Computational Physics},
    VOLUME = 6, 
    PAGES = {1-16},
    YEAR =1970}
 
 
@TECHREPORT{Ha92CQL3warv,
    AUTHOR = {Harvey, R.W. and McCoy, M.G.},
    TITLE = "{The CQL3D Fokker-Planck Code}",
    INSTITUTION = {General Atomics},
    NUMBER = {GA-A209783},
    ADDRESS = {San Diego},
    YEAR = 1992}
 
 
@ARTICLE{He92Soluwarv,
    AUTHOR = {Hewett, D.W. and Larson, D.J. and Doss, S.},
    TITLE = "{Solution of Simultaneous Partial Differential Equations Using Dynamic ADI: 
    Solution of the Streamlined Darwin Field Equations}", 
    JOURNAL = {Journal of Computational Physics},
    VOLUME = 101, PAGES = {11-24},
    YEAR =1992}
 
 
@ARTICLE{Ba75Ergowarv,
    AUTHOR = {Basdevant, C. and Sadourny, R.},
    TITLE = "{Ergodic Properties of Inviscid Truncated Models of Two Dimensional
  Incompressible Flows}", 
    JOURNAL = {Journal of Fluid Mechanics},
    VOLUME = 69, PAGES = {673-688},
    YEAR =1975}
 
 
@ARTICLE{Ho90Statwarv,
    AUTHOR = {Horihata, S. Irie, H. and Sato, M.},
    TITLE = "{Stationary Drift-Rossby Vortices in Shear Flows}",
    JOURNAL = {Journal of the Physical Society of Japan},
    VOLUME = 59, NUMBER = 4,
    PAGES = {1242-1251},
    YEAR = 1990}
 
 
@ARTICLE{Ha92Effewarv,
    AUTHOR = {Hamaguchi, S. and Horton, W.},
    TITLE = "{Effects of Sheared Flows on Ion-Temperature-gradient-driven Turbulent Transport}", 
    JOURNAL = {Physics of Fluids B},
    VOLUME = 4, NUMBER =2, PAGES = {319-328},
    YEAR = 1992}
 
 
@BOOK{Mc91Physwarv,
    AUTHOR = {McComb, W.D.},
    TITLE = "{The Physics of Fluid Turbulence}", 
    PUBLISHER = {Clarendon}, ADDRESS = {Oxford},
    YEAR =1991}
 
 
@ARTICLE{Ga653Dwarv,
    AUTHOR = {Garcia, L. and Hicks, H.R. and Carreras, B.A. and Charlton, L.A. and Holmes,
  J.A.},
    TITLE = "{3D Nonlinear MHD Calculations Using Implicit and Explicit Time Integration
  Schemes}",
    JOURNAL = {Journal of Computational Physics},
    VOLUME = 65, PAGES = {253-272},
    YEAR =1986}
 
 
@ARTICLE{Ay85Anwarv,
    AUTHOR = {Aydemir, A.Y. and Barnes, D.C.},
    TITLE = "{An Implicit Algorithm for Compressible Three-Dimensional Magnetohydrodynamic
  Calculations}",
    JOURNAL = {Journal of Computational Physics},
    VOLUME = 59, PAGES = {108-119},
    YEAR =1985}
 
 
@ARTICLE{Az67Numewarv,
    AUTHOR = {Aziz, K. and Hellums, J.D.},
    TITLE = "{Numerical Solution of the Three-Dimensional Equations of Motion for Laminar
  Natural Convection}",
    JOURNAL = {Physics of Fluids},
    VOLUME = 10, PAGES = {314-324},
    YEAR =1967}
 
 
@ARTICLE{Ri77Studiwarv,
    AUTHOR = {Richardson, S.M. and Cornish, A.R.H.},
    TITLE = "{Studies of Three-Dimensional Incompressible Flow Problems}",
    JOURNAL = {Journal of Fluid Mechanics},
    VOLUME = 82, PAGES = {309-318},
    YEAR =1977}
 
 
@ARTICLE{St68Iterwarv,
    AUTHOR = {Stone, H.L.},
    TITLE = "{Iterative Solution of Implicit Numerical Approximations of Multi-Dimensional
  Partial Differential Equations}",
    JOURNAL = {SIAM Journal of Numerical Analysis},
    VOLUME = 5, NUMBER = 3, PAGES = {530-558},
    YEAR =1968}
 
 
@ARTICLE{Mc82Numewarv,
    AUTHOR = {MacCormack, R.W.},
    TITLE = "{A Numerical Method for Solving the Equations of Compressible Viscous Flow}",
    JOURNAL = {AIAA Journal},
    VOLUME = 20,
    NUMBER = 9, PAGES = {1275-1281},
    YEAR =1982}
 
 
@ARTICLE{Is86Soluwarv,
    AUTHOR = {Issa, R.I.},
    TITLE = "{Solution of the Implicitly Discretised Fluid Flow Equations by Operator
  Splitting}",
    JOURNAL = {Journal of Computational Physics},
    VOLUME = 62, PAGES = {40-65},
    YEAR =1986}
 
 
@ARTICLE{Hi67Genewarv,
    AUTHOR = {Hirt, L.W. and Harlow, F.H.},
    TITLE = "{A General Corrective Procedure for the Numerical Solution of Initial-Value
  Problems}",
    JOURNAL = {Journal of Computational Physics},
    VOLUME = 2, PAGES = {114-119},
    YEAR =1967}
 
 
@ARTICLE{Ue90Compwarv,
    AUTHOR = {Ueda, N. and Tanaka, M.},
    TITLE = "{Computer Modelling of Boundary Plasmas in Tokamaks}",
    JOURNAL = {Journal of Nuclear Science and Technology},
    VOLUME = 27,
    NUMBER = 2, PAGES = {106-121},
    YEAR =1990}
 
 
@ARTICLE{Br86Matrwarv,
    AUTHOR = {Brown, P.N. and Hindmarsh, A.C.},
    TITLE = "{Matrix-free Methods for Stiff Systems of ODEs}",
    JOURNAL = {SIAM Journal of Numerical Analysis},
    VOLUME = 23,
    NUMBER = 3, PAGES = {610-638},
    YEAR =1986}
 
 
 
 
 
@INPROCEEDINGS{Ca87Sawtwarv,
TITLE="{Sawteeth and disruptions in JET}",
AUTHOR={Campbell, D.J. and Duperrex, P.A. and Edwards, A.W. and Gill, R.D. and Gowers, C.W. and Granetz, R. and Hugon, M. and Lomas, P.J. and Lopes-Cardozo, N. and Malacarne, M. and Nave, M.F. and Robinson, D.C. and Schuller, F.C. and Smeulders, P. and Snipes, J.A. and Laboratory). and Stott, P.E. and Tonetti, G. and Tubbing, B.J. and Weller, A. and Wesson, J.A.},
BOOKTITLE = "{Plasma Physics and Controlled Nuclear Fusion Research, 11th Int. Conf., Kyoto, 13-20 November 1986. Volume 1}",
PUBLISHER = {Vienna, IAEA},
YEAR = 1987,
PAGES = {433-445},
NOTE = {Book shelved at  FC IAEA 1986} }

@ARTICLE{Br89Compwarv,
TITLE="{Comparison of numerical methods for the calculation of two-dimensional turbulence}",
AUTHOR={Browning, G.L. and Kreiss, H.-O.},
JOURNAL = "{Mathematics of Computation}",VOLUME = {52},NUMBER = {186},
YEAR = 1989,PAGES = {369-388} }
           
@ARTICLE{He89Onthwarv,
TITLE="{On the smallest scale for the incompressible Navier--Stokes equations}",
AUTHOR={Henshaw, W.D. and Kreiss, H.O. and Reyna, L.G.},
JOURNAL = "{Theoretical and Computational Fluid Dynamics}",VOLUME = {1},
YEAR = 1989,PAGES = {65-95}, NOTE={{https://link.springer.com/article/10.1007/BF00272138}} }
           
@ARTICLE{He91Applwarv,
TITLE="{Applying large computers to problems in magnetic fusion}",
AUTHOR={Hender, T.C.},
JOURNAL = "{Reports on Progress In Physics}",
VOLUME = {54},NUMBER = {11},YEAR  = 1991,PAGES ={1455-1479}}

@ARTICLE{We91Sponwarv,
TITLE="{Spontaneous m = 1 instability in the JET sawtooth collapse}",
AUTHOR={Wesson, J.A. and Edwards, A.W. and Granetz, R.S.},
JOURNAL = "{Nuclear Fusion}",VOLUME = {31},NUMBER = {1},
YEAR = 1991,PAGES = {111-116} }
           
@ARTICLE{Ne89Tokawarv,
TITLE="{Tokamak edge modeling and comparison with experiment in ASDEX}",
AUTHOR={Neuhauser, J. and others},
JOURNAL = "{Plasma Physics and Controlled Fusion}",VOLUME = {31},NUMBER = {10},
YEAR = 1989,PAGES = {1551-1568} }
 
@ARTICLE{To93MHDcwarv,
TITLE="{MHD control and ECCD in COMPASS-D}",
AUTHOR={Todd, T.N.  and the COMPASS Team},
JOURNAL = "{Plasma Physics and Controlled Fusion}",VOLUME = {35},
NUMBER = {12B},YEAR = 1993,PAGES = {B231-B240} }
 
@ARTICLE{Bo88Stabwarv,
TITLE="{Stabilization by resistive walls and q-limit disruptions in tokamaks}",
AUTHOR={Bondeson, A. and Persson, M.},
JOURNAL = "{Nuclear Fusion}",VOLUME = {28},NUMBER = {10},
YEAR = 1988,PAGES = {1887-1891} }

@ARTICLE{Pa92Partwarv,
TITLE="{Particle simulation of the magnetized rf plasma sheath}",
AUTHOR={Paes, A.C.J. and Sydora, R.D. and Dawson, J.M.},
JOURNAL = "{Physics of Fluids B - Plasma Physics}",VOLUME = {4},NUMBER = {9},
YEAR = 1992,PAGES = {2699-2704} }

@INPROCEEDINGS{Br91Theowarv,
TITLE="{Theoretical and experimental investigation of a mechanism for impurity productrion by ICRF field}",
AUTHOR={Brambilla, M. and Chodura, R. and Hoffmann, J.Neuhauser.J. and Noterdaeme, J-M. and Ryter, R. and Schubert, R. and Wesner, F.},
BOOKTITLE = "{Plasma Physics and Controlled Nuclear Fusion Research. 13th Int. Conf., Washington, DC, 1-6 October 1990}",
PUBLISHER = {Vienna, IAEA},
YEAR = 1991,
PAGES = {Volume 1 pp.723-731},
NOTE = {Book shelved at  FC IAEA 1990 Vol.1} }

@INPROCEEDINGS{Ko91Novewarv,
TITLE="{Novel computational techniques to predict transport in confinement devices, and applications to ion temperature gradient driven turbulence}",
AUTHOR={Kotschenreuther, M. and Berk, H.L. and Denton, R. and Hamaguchi, S. and Horton, W. and Kim, C-B. and LeBrun, M. and Lyster, P. and Mahajan, S. and Miner, W.H. and Morrison, P.J. and Ross, D.W. and Sydora, R.D. and Tajima, T. and Taylor, J.B. and Valanju, P.M. and Wong, H.V. and Xiao, S.Y. and Zhang, Y-Z.},
BOOKTITLE = "{Plasma Physics and Controlled Nuclear Fusion Research. 13th Int. Conf., Washington, DC, 1-6 October 1990}",
PUBLISHER = {Vienna, IAEA},
YEAR = 1991,
PAGES = {Vol.2.  pp.361-366},
NOTE = {Book shelved at  FC IAEA 1990 Vol.2} }
          
@ARTICLE{Le80Iontwarv,
TITLE="{Ion temperature drift instabilities in a sheared magnetic field}",
AUTHOR={Lee, W.W. and Tang, W.M. and Okuda, H.},
JOURNAL = "{Physics of Fluids}",VOLUME = {23},NUMBER = {10},
YEAR = 1980,PAGES = {2007-2010} }
           
@ARTICLE{Ok78Quaswarv,
TITLE="{Quasi-neutral particle simulation model with application to ion wave propagation}",
AUTHOR={Okuda, H. and Dawson, J.M. and Lin, A.T. and Lin, C.C.},
JOURNAL = "{Physics of Fluids}",VOLUME = {21},NUMBER = {3},
YEAR = 1978,PAGES = {476-482} }
           
@ARTICLE{Te88Radiwarvz,
TITLE="{Radial fluctuation scale of ion temperature gradient driven turbulence}",
AUTHOR={Terry, P.W. and Leboeuf, J.N. and Diamond, P.H. and Thayer, D.R. and Sedlak, J.E. and Lee, G.S.},
JOURNAL = "{Physics of Fluids}",VOLUME = {31},NUMBER = {10},
YEAR = 1988,PAGES = {2920-2927} }
           
@ARTICLE{Wa85Subcwarv,
TITLE="{Subcritical magnetohydrodynamic turbulence}",
AUTHOR={Waltz, R.E.},
JOURNAL = "{Physical Review Letters}",VOLUME = {55},NUMBER = {10},
YEAR = 1985,PAGES = {1098-1107} }
